
@misc{0034IB,
  title = {0034-{{IB-}}},
  note = {0034-Question 01
\par
\textbf{\href{/Users/markolsonse/GitHub/mhoDotFiles/texmf/markolsonbookpkgs.sty}{/Users/markolsonse/GitHub/mhoDotFiles/texmf/markolsonbookpkgs.sty}}}
}

@book{alfredssonMatematik5000Kurs2019,
  title = {Matematik 5000+ Kurs 2c Lärobok Digital.},
  shorttitle = {Matematik 5000+ Kurs 2c L?},
  author = {Alfredsson, Lena and Bodemyr, Sanna and Heikne, Hans},
  date = {2019},
  isbn = {978-91-27-45660-0},
  langid = {swedish},
  annotation = {OCLC: 1088424370}
}

@book{alfredssonMatematik5000Kurs2021,
  title = {Matematik 5000+ Kurs 1b Lärobok Digital.},
  shorttitle = {Matematik 5000+ Kurs 1b L?},
  author = {Alfredsson, Lena and Heikne, Hans},
  date = {2021},
  isbn = {978-91-27-45820-8},
  langid = {swedish},
  annotation = {OCLC: 1251871262}
}

@book{alfredssonMatematik5000Kurs2021,
  title = {Matematik 5000+ Kurs 2c Lärobok Upplaga 2022.},
  shorttitle = {Matematik 5000+ Kurs 2c},
  author = {Alfredsson, Lena and Heikne, Hans and Bodemyr, Sanna},
  date = {2022},
  abstract = {Matematik 5000+ NA-TE ??r inriktad mot naturvetenskapliga och tekniska fr??gest??llningar och f??ljer kurserna i c-sp??ret. Det ??r en revidering av v??r popul??ra serie Matematik 5000 och inneh??ller en m??ngd nyheter. Serien kommer att finnas anpassad till de reviderade ??mnesplanerna som tr??der ikraft juli 2021.},
  isbn = {978-91-27-46057-7},
  langid = {swedish},
  annotation = {OCLC: 1240668698}
}

@book{awadaMathematicsAnalysisApproaches2019,
  title = {Mathematics: Analysis and Approaches. {{Standard}} Level. {{Course}} Companion},
  shorttitle = {Mathematics},
  author = {Awada, Natasha},
  date = {2019},
  series = {Oxford {{IB}} Diploma Programme},
  publisher = {{Oxford University Press}},
  location = {{Oxford, United Kingdom}},
  isbn = {978-0-19-842711-7 978-0-19-842710-0},
  pagetotal = {725},
  keywords = {Mathematics},
  annotation = {OCLC: on1084354192},
  note = {Includes index Includes Internet access}
}

@inreference{CollatzConjecture2022,
  title = {Collatz Conjecture},
  booktitle = {Wikipedia},
  date = {2022-01-01T17:02:56Z},
  url = {https://en.wikipedia.org/w/index.php?title=Collatz_conjecture&oldid=1063167804},
  urldate = {2022-01-02},
  abstract = {The Collatz conjecture in mathematics asks whether repeating certain simple arithmetic operations will eventually transform every positive integer into one. It  concerns sequences of integers in which each term is obtained from the previous term as follows: if the previous term is even, the next term is one half of the previous term. If the previous term is odd, the next term is 3 times the previous term plus 1. The conjecture is that these sequences always reach 1, no matter which positive integer is chosen to start the sequence. The conjecture is named after Lothar Collatz, who introduced the idea in 1937, two years after receiving his doctorate.  It is also known as the 3n + 1 problem, the 3n + 1 conjecture, the Ulam conjecture (after Stanisław Ulam), Kakutani's problem (after Shizuo Kakutani), the Thwaites conjecture (after Sir Bryan Thwaites), Hasse's algorithm (after Helmut Hasse), or the Syracuse problem.  The sequence of numbers involved is sometimes referred to as the hailstone sequence or hailstone numbers (because the values are usually subject to multiple descents and ascents like hailstones in a cloud), or as wondrous numbers.Paul Erdős said about the Collatz conjecture: "Mathematics may not be ready for such problems." He also offered US\$500 for its solution. Jeffrey Lagarias stated in 2010 that the Collatz conjecture "is an extraordinarily difficult problem, completely out of reach of present day mathematics."},
  langid = {english},
  annotation = {Page Version ID: 1063167804}
}

@video{CollatzConjectureColor,
  title = {Collatz {{Conjecture}} in {{Color}} - {{Numberphile}}},
  url = {https://www.youtube.com/watch?v=LqKpkdRRLZw},
  urldate = {2022-01-02},
  abstract = {The Great Courses Plus (free trial): http://ow.ly/RqOr309wT7vThis video features Alex Bellos. More info and links in full description.Extra footage with Alex...},
  langid = {british},
  keywords = {YouTube-numberphile}
}

@online{CTANPackageAmsmath2020,
  title = {{{CTAN}}: {{Package}} Amsmath},
  date = {2020-02-18},
  url = {https://www.ctan.org/pkg/amsmath},
  urldate = {2021-07-05},
  keywords = {TeX}
}

@online{CTANPackageAmsthm,
  title = {{{CTAN}}: {{Package}} Amsthm},
  url = {https://www.ctan.org/pkg/amsthm},
  urldate = {2021-07-05},
  keywords = {TeX}
}

@online{CTANPackageBeamer,
  title = {{{CTAN}}: {{Package}} Beamer},
  url = {https://www.ctan.org/pkg/beamer},
  urldate = {2021-07-05},
  keywords = {TeX}
}

@online{CTANPackageBibLaTeX,
  title = {{{CTAN}}: {{Package BibLaTeX}}},
  url = {https://www.ctan.org/pkg/biblatex},
  urldate = {2021-07-05},
  keywords = {TeX}
}

@online{CTANPackageBooktabs,
  title = {{{CTAN}}: {{Package}} Booktabs},
  url = {https://www.ctan.org/pkg/booktabs},
  urldate = {2021-07-05}
}

@online{CTANPackageCalc,
  title = {{{CTAN}}: {{Package}} Calc},
  url = {https://www.ctan.org/pkg/calc},
  urldate = {2021-07-05}
}

@online{CTANPackageCancel,
  title = {{{CTAN}}: {{Package}} Cancel},
  url = {https://www.ctan.org/pkg/cancel},
  urldate = {2021-07-05}
}

@online{CTANPackageCases,
  title = {{{CTAN}}: {{Package}} Cases},
  url = {https://www.ctan.org/pkg/cases},
  urldate = {2021-07-05}
}

@online{CTANPackageCleveref,
  title = {{{CTAN}}: {{Package}} Cleveref},
  url = {https://www.ctan.org/pkg/cleveref},
  urldate = {2021-07-05}
}

@online{CTANPackageCsquotes,
  title = {{{CTAN}}: {{Package}} Csquotes},
  url = {https://ctan.org/pkg/csquotes},
  urldate = {2021-07-08},
  keywords = {TeX}
}

@online{CTANPackageDerivative,
  title = {{{CTAN}}: {{Package}} Derivative},
  url = {https://www.ctan.org/pkg/derivative},
  urldate = {2021-07-05}
}

@online{CTANPackageDiffcoeff,
  title = {{{CTAN}}: {{Package}} Diffcoeff},
  url = {https://www.ctan.org/pkg/diffcoeff},
  urldate = {2021-07-05}
}

@online{CTANPackageDirtree,
  title = {{{CTAN}}: {{Package}} Dirtree},
  url = {https://www.ctan.org/pkg/dirtree},
  urldate = {2021-07-05}
}

@online{CTANPackageEnumerate,
  title = {{{CTAN}}: {{Package}} Enumerate},
  url = {https://www.ctan.org/pkg/enumerate},
  urldate = {2021-07-05}
}

@online{CTANPackageEnumitem,
  title = {{{CTAN}}: {{Package}} Enumitem},
  url = {https://ctan.org/pkg/enumitem},
  urldate = {2022-01-08}
}

@online{CTANPackageEtoolbox,
  title = {{{CTAN}}: {{Package}} Etoolbox},
  url = {https://www.ctan.org/pkg/etoolbox},
  urldate = {2021-07-05}
}

@online{CTANPackageExam,
  title = {{{CTAN}}: {{Package}} Exam},
  url = {https://www.ctan.org/pkg/exam},
  urldate = {2021-07-05}
}

@online{CTANPackageFontawesome5,
  title = {{{CTAN}}: {{Package}} Fontawesome5},
  url = {https://www.ctan.org/pkg/fontawesome5},
  urldate = {2021-07-05}
}

@online{CTANPackageGraphicx,
  title = {{{CTAN}}: {{Package}} Graphicx},
  url = {https://www.ctan.org/pkg/graphicx},
  urldate = {2021-07-05}
}

@online{CTANPackageHyperref,
  title = {{{CTAN}}: {{Package}} Hyperref},
  url = {https://www.ctan.org/pkg/hyperref},
  urldate = {2021-07-05}
}

@online{CTANPackageKomascript,
  title = {{{CTAN}}: {{Package}} Koma-Script},
  url = {https://www.ctan.org/pkg/koma-script},
  urldate = {2021-07-05}
}

@online{CTANPackageLatexrefsheet,
  title = {{{CTAN}}: {{Package}} Latex-Refsheet},
  url = {https://www.ctan.org/pkg/latex-refsheet},
  urldate = {2021-07-05},
  keywords = {TeX}
}

@online{CTANPackageLibertinusotf,
  title = {{{CTAN}}: {{Package}} Libertinus-Otf},
  url = {https://www.ctan.org/pkg/libertinus-otf},
  urldate = {2021-07-05}
}

@online{CTANPackageListings,
  title = {{{CTAN}}: {{Package}} Listings},
  url = {https://www.ctan.org/pkg/listings},
  urldate = {2021-07-05}
}

@online{CTANPackageLshort,
  title = {{{CTAN}}: {{Package}} Lshort},
  url = {https://www.ctan.org/pkg/lshort},
  urldate = {2021-07-05}
}

@online{CTANPackageMdframed,
  title = {{{CTAN}}: {{Package}} Mdframed},
  url = {https://www.ctan.org/pkg/mdframed},
  urldate = {2021-07-05}
}

@online{CTANPackageMultirow,
  title = {{{CTAN}}: {{Package}} Multirow},
  url = {https://www.ctan.org/pkg/multirow},
  urldate = {2021-07-05}
}

@online{CTANPackageNlinterval,
  title = {{{CTAN}}: {{Package}} Nl-Interval},
  url = {https://www.ctan.org/pkg/nl-interval},
  urldate = {2021-07-05}
}

@online{CTANPackagePgf,
  title = {{{CTAN}}: {{Package}} Pgf},
  url = {https://www.ctan.org/pkg/pgf},
  urldate = {2021-07-05}
}

@online{CTANPackagePolynom,
  title = {{{CTAN}}: {{Package}} Polynom},
  url = {https://www.ctan.org/pkg/polynom},
  urldate = {2021-07-05}
}

@online{CTANPackageScrlayerscrpage,
  title = {{{CTAN}}: {{Package}} Scrlayer-Scrpage},
  url = {https://www.ctan.org/pkg/scrlayer-scrpage},
  urldate = {2021-07-05}
}

@online{CTANPackageSetspace,
  title = {{{CTAN}}: {{Package}} Setspace},
  url = {https://www.ctan.org/pkg/setspace},
  urldate = {2021-07-05}
}

@online{CTANPackageShortmathguide,
  title = {{{CTAN}}: {{Package}} Short-Math-Guide},
  url = {https://www.ctan.org/pkg/short-math-guide},
  urldate = {2021-07-05}
}

@online{CTANPackageSiunitx,
  title = {{{CTAN}}: {{Package}} Siunitx},
  url = {https://www.ctan.org/pkg/siunitx},
  urldate = {2021-07-06}
}

@online{CTANPackageSubcaption,
  title = {{{CTAN}}: {{Package}} Subcaption},
  url = {https://www.ctan.org/pkg/subcaption},
  urldate = {2021-07-05}
}

@online{CTANPackageTcolorbox,
  title = {{{CTAN}}: {{Package}} Tcolorbox},
  url = {https://www.ctan.org/pkg/tcolorbox},
  urldate = {2021-07-05}
}

@online{CTANPackageTextcomp,
  title = {{{CTAN}}: {{Package}} Textcomp},
  url = {https://www.ctan.org/pkg/textcomp},
  urldate = {2021-07-05},
  keywords = {TeX}
}

@online{CTANPackageThmtools,
  title = {{{CTAN}}: {{Package}} Thmtools},
  url = {https://www.ctan.org/pkg/thmtools},
  urldate = {2021-07-05}
}

@online{CTANPackageTkzbase,
  title = {{{CTAN}}: {{Package}} Tkz-Base},
  url = {https://www.ctan.org/pkg/tkz-base},
  urldate = {2021-07-05}
}

@online{CTANPackageTkzeuclide,
  title = {{{CTAN}}: {{Package}} Tkz-Euclide},
  url = {https://www.ctan.org/pkg/tkz-euclide},
  urldate = {2021-07-05}
}

@online{CTANPackageTkzfct,
  title = {{{CTAN}}: {{Package}} Tkz-Fct},
  url = {https://www.ctan.org/pkg/tkz-fct},
  urldate = {2021-07-05}
}

@online{CTANPackageTkzlinknodes,
  title = {{{CTAN}}: {{Package}} Tkz-Linknodes},
  url = {https://www.ctan.org/pkg/tkz-linknodes},
  urldate = {2021-07-05}
}

@online{CTANPackageTkztab,
  title = {{{CTAN}}: {{Package}} Tkz-Tab},
  url = {https://www.ctan.org/pkg/tkz-tab},
  urldate = {2021-07-05}
}

@online{CTANPackageTocbasic,
  title = {{{CTAN}}: {{Package}} Tocbasic},
  url = {https://www.ctan.org/pkg/tocbasic},
  urldate = {2021-07-05}
}

@online{CTANPackageUnicodemath,
  title = {{{CTAN}}: {{Package}} Unicode-Math},
  url = {https://www.ctan.org/pkg/unicode-math},
  urldate = {2021-07-05}
}

@online{CTANPackageWasysym,
  title = {{{CTAN}}: {{Package}} Wasysym},
  url = {https://www.ctan.org/pkg/wasysym},
  urldate = {2021-07-05}
}

@online{CTANPackageXcolor,
  title = {{{CTAN}}: {{Package}} Xcolor},
  url = {https://www.ctan.org/pkg/xcolor},
  urldate = {2021-07-05}
}

@online{CTANPackageXfrac,
  title = {{{CTAN}}: {{Package}} Xfrac},
  url = {https://www.ctan.org/pkg/xfrac},
  urldate = {2021-07-05}
}

@online{FoRKArchiveBrief,
  title = {{{FoRK Archive}}: {{A Brief History}} of {{LaTeX}}.},
  url = {http://www.xent.com/FoRK-archive/feb98/0307.html},
  urldate = {2021-07-08},
  keywords = {TeX}
}

@online{GuideManyFlavours,
  title = {A {{Guide}} to the {{Many Flavours}} of {{TeX}}},
  url = {https://www.overleaf.com/learn/latex/Articles/What%27s_in_a_Name%3A_A_Guide_to_the_Many_Flavours_of_TeX},
  urldate = {2021-07-07},
  abstract = {An online LaTeX editor that's easy to use. No installation, real-time collaboration, version control, hundreds of LaTeX templates, and more.},
  langid = {english},
  keywords = {overleaf,TeX}
}

@online{HistoryTeXTeX,
  title = {History of {{TeX}} - {{TeX Users Group}}},
  url = {http://www.tug.org/whatis.html},
  urldate = {2021-07-07},
  keywords = {TeX}
}

@online{hogholmCTANPackageMathtools,
  title = {{{CTAN}}: {{Package}} Mathtools},
  author = {Høgholm, Morten and Madsen, Lars and {LaTeX3 Project}},
  url = {https://www.ctan.org/pkg/mathtools},
  urldate = {2021-07-05},
  keywords = {TeX}
}

@book{kiselmanMatematiktermerSkolan2008,
  title = {Matematiktermer för skolan},
  shorttitle = {Matematiktermer f?},
  author = {Kiselman, Christer O and Mouwitz, Lars and Britton, Nationellt centrum f??r matematikutbildning, Tom},
  date = {2008},
  publisher = {{Nationellt centrum för matematikutbildning (NCM), G??teborgs universitet}},
  location = {{Göteborg}},
  isbn = {978-91-85143-12-2},
  langid = {swedish},
  annotation = {OCLC: 489124236}
}

@misc{knuthAllQuestionsAnswered2001,
  title = {All {{Questions Answered}} by {{Donal Knuth}}},
  date = {2001-10-05},
  url = {https://www.ams.org/notices/200203/fea-knuth.pdf},
  abstract = {On October 5, 2001, at the Technische Universität München, Donald Knuth presented a lecture entitled “All Questions Answered”. The lecture drew an au- dience of around 350 people. This article contains the text of the lecture, edited by Notices senior writer and deputy editor Allyn Jackson.},
  editora = {Knuth, Donald},
  editoratype = {collaborator},
  langid = {english},
  keywords = {TeX},
  file = {/Users/markolsonse/Zotero/storage/6657JBZC/fea-knuth.pdf}
}

@online{knuthPreliminaryPreliminaryDescription1977,
  title = {Preliminary Preliminary Description of {{TeX}}},
  author = {Knuth, Donald},
  date = {1977-05-13},
  url = {https://www.saildart.org/TEXDR.AFT%5B1,DEK%5D1},
  urldate = {2021-07-08},
  keywords = {TeX}
}

@online{LaTeXBasicsWikibooks,
  title = {{{LaTeX}}/{{Basics}} - {{Wikibooks}}, Open Books for an Open World},
  url = {https://en.wikibooks.org/wiki/LaTeX/Basics},
  urldate = {2021-07-06},
  langid = {english},
  keywords = {ExtendedEssay}
}

@misc{lennerstadEkvationOchFunktion2014,
  title = {Ekvation och funktion},
  shorttitle = {Ekvation och funktion},
  author = {Lennerstad, Håkan and Olteanu, Constanta},
  date = {2014-05},
  publisher = {{Skolverket}},
  url = {https://larportalen.skolverket.se/LarportalenAPI/api-v2/document/path/larportalen/material/inriktningar/1-matematik/Grundskola/431_algebra%20åk7-9/7_kommunikationialgebraklassrummet/material/flikmeny/tabA/Artiklar/A7-9_07A_02_Ekvation.docx},
  abstract = {Det är vanligt i grundskolan och gymnasiet att elever har svårt att skilja mellan ekvation och funktion. Detta lärandeobjekt handlar om vad de betyder, och i synnerhet skillnaden mellan dem. Föreslagna kritiska aspekter i denna del handlar om ekvationsbegreppet, medan de i fortsättningen handlar mer om funktioner och om sambandet mellan de två begreppen. En funktion är ett samband, som oftast kan ritas upp som en kurva. Man är intresserad av olika egenskaper för en funktion. En ekvation däremot, är ett påstående, ofta med en obekant som man vill ta reda på - som man vill lösa. Dessa är grundläggande skillnader mellan begreppen på ett konceptuellt plan och kan beskrivas metaforiskt, t.ex. på följande sätt.},
  langid = {swedish},
  file = {/Users/markolsonse/Zotero/storage/ESWC4BK5/skolverket-A7-9_07A_02_Ekvation.pdf}
}

@video{MasterYourSmartphone,
  title = {Master {{Your Smartphone Camera Settings}} Using {{FiLMiC Pro}} (or Other App) | {{Cinematic Video Tutorial}}},
  url = {https://www.youtube.com/watch?v=egW9kO9ZfyI},
  urldate = {2022-01-04},
  abstract = {Shoot more professional, more cinematic video with your iPhone if you understand these camera settings. Learn how to use ISO, Frame Rate, Shutter Speed, Aper...},
  langid = {british}
}

@misc{MathleticsInstantWorkbooks2021,
  title = {Mathletics {{Instant Workbooks}}},
  date = {2021-02-21},
  publisher = {{3pLearning}},
  langid = {english},
  keywords = {worksheets}
}

@video{MathMotivation,
  title = {Math {{Motivation}}},
  url = {https://www.youtube.com/watch?v=IOY6xMq9j6c},
  urldate = {2022-01-02},
  abstract = {Neil Degrasse Tyson, Bill Nye, Bill Gates, and John Urschel give inspiring and motivational comments about mathematics.},
  langid = {british}
}

@inreference{Multipel2014,
  title = {Multipel},
  booktitle = {Wikipedia},
  date = {2014-11-14T09:14:51Z},
  url = {https://sv.wikipedia.org/w/index.php?title=Multipel&oldid=28681368},
  urldate = {2022-01-22},
  abstract = {En multipel är ett tal som kan divideras med ett annat tal ett antal gånger utan rest. Exempelvis 15, 20 eller annan multipel av 5, samt 6, 9 eller annan multipel av 3.},
  langid = {swedish},
  annotation = {Page Version ID: 28681368}
}

@book{rainvilleElementaryDifferentialEquations1997,
  title = {Elementary Differential Equations},
  author = {Rainville, Earl David and Bedient, Phillip Edward and Bedient, Richard E.},
  date = {1997},
  edition = {8th ed},
  publisher = {{Prentice Hall}},
  location = {{Upper Saddle River, NJ}},
  isbn = {978-0-13-508011-5},
  pagetotal = {530},
  keywords = {DifferentialEquations},
  note = {0374
\par
Includes index}
}

@book{raynerCompleteMathematicsCambridge2018,
  title = {Complete Mathematics for {{Cambridge IGCSE}}: {{Extended}}},
  shorttitle = {Complete Mathematics for {{Cambridge IGCSE}}},
  author = {Rayner, David},
  date = {2018},
  series = {Aspire Succeed Progress},
  edition = {Fifth edition},
  publisher = {{Oxford University Press}},
  location = {{Oxford}},
  isbn = {978-0-19-842507-6},
  pagetotal = {493},
  keywords = {International General Certificate of Secondary Education,Mathematics,Problems; exercises; etc,Study guides},
  note = {Includes index}
}

@book{rondieMathematicsAnalysisApproaches2019,
  title = {Mathematics: Analysis and Approaches. {{Higher}} Level},
  shorttitle = {Mathematics},
  author = {Rondie, Paul La},
  date = {2019},
  series = {Oxford {{IB}} Diploma Programme},
  publisher = {{Oxford University Press}},
  location = {{Oxford}},
  isbn = {978-0-19-842717-9},
  pagetotal = {843},
  keywords = {mathematics},
  annotation = {OCLC: on1099411619},
  note = {0378
\par
Includes Internet access}
}

@video{SimplestMathProblem,
  title = {The {{Simplest Math Problem No One Can Solve}} - {{Collatz Conjecture}}},
  url = {https://www.youtube.com/watch?v=094y1Z2wpJg},
  urldate = {2022-01-02},
  abstract = {The Collatz Conjecture is the simplest math problem no one can solve — it is easy enough for almost anyone to understand but notoriously difficult to solve. ...},
  langid = {british}
}

@online{SimplificationSymPyDocumentation,
  title = {Simplification — {{SymPy}} 1.8 Documentation},
  url = {https://docs.sympy.org/latest/tutorial/simplification.html#powers},
  urldate = {2021-09-11},
  keywords = {python}
}

@video{StanfordLectureTeX,
  title = {Stanford {{Lecture}}: {{TeX For Beginners}} - {{Session}} 1 ({{February}} 23, 1981)},
  shorttitle = {Stanford {{Lecture}}},
  url = {https://www.youtube.com/watch?v=jbrMBOF61e0},
  urldate = {2021-07-08},
  abstract = {February 23, 1981Professor Knuth is the Professor Emeritus at Stanford University. Dr. Knuth's classic programming texts include his seminal work The Art of ...},
  langid = {british},
  keywords = {TeX,YouTube},
  note = {\textbf{7:00 }The purpose of TeX was to allow anyone to typeset a document on a computer that was just as beautiful as one done by a printer.
\par
\textbf{08:30} 1950 computer printed tables of numbers in Sweden
\par
\textbf{11:00} make what you write look beautiful as well
\par
\textbf{12:00} the goal of TeX is to do SUPER quality things
\par
\textbf{14:32} TeX greek word for art and technology Emphasizing beautiful printing.
\par
\textbf{17:09} start with a manuscript file called foo.tex This file contains the instructions to tex. Send the file to the tex computer program that reads in your manuscript file which will produce an error file errors.tmp and a foo.pre or foo.gpg a file that contains all the information to produce a physical copy.
\par
\textbf{19:14} instructions to the printer on how to produce the page.
\par
\textbf{31:16} \textbackslash TeX\textbackslash{} the backslash is a control sequence.~ A control sequence ends with the first character that is not a letter.
\par
\textbf{32:05} Spaces are ignored after the control sequence.~ Backslash and a space is an intentional space that will be printed.
\par
\textbf{33:08} Multiple spaces are treated as on space by TeX. If you wanted 4 spaces you would write \textbackslash [sp]\textbackslash [sp]\textbackslash [sp]\textbackslash [sp].
\par
\textbf{33:20} Refers to people who are good at TeX as a wizard.
\par
\textbf{37:53} The thing that you are typing is called the manusript.
\par
\textbf{38:30} Ligature combinations ``gets turned into a double quotation mark by tex.
\par
\textbf{40:00} Difference between printing and typing.
\par
\textbf{40:34} M-dash and then N-Dash which is half as long. A hyphen is just a hyphen. N-Dash is two hyphens and M-Dash is three hyphens.
\par
\textbf{42:20} A line break can occur after a space and hyphens and dashes.
\par
\textbf{43:25} Any box control sequence is treated as an indivisible unit and cannot be split up.
\par
\textbf{44:57} Mr.\textbackslash{} Olson.~ A backslash is used to control the spacing after the period.~ By default you get a little more space after a period then you do between words.~ This is not the case with French spacing.
\par
\textbf{47:35} TeX reads the whole paragraph before it breaks it up into lines.
\par
\textbf{48:00} Straight text is just normal written text without any special characters.
\par
\textbf{50:00} Try to avoid pshycological bad breaks. Mark H. [CR]
\par
Olson for example
\par
\textbf{50:46} A defined control sequence is called MAGIC!
\par
\textbf{51:10} If a period follows a capital (upper case) letter than it is treated as a word space and not an end of line space.
\par
\textbf{52:40} If the capital letter IS the last letter of the sentence then you could write FBI\textbackslash null.
\par
\textbf{55:43} import basic brings in some of the most common control sequences that people need such as \textbackslash bf for bold face.
\par
\textbf{58:00} use \textbackslash - to tell TeX how to hyphenate words. mod\textbackslash -ifi\textbackslash -cations.
\par
\textbf{1:00:00} \{\textbackslash bf bold face\} \{\textbackslash it italics\}
\par
\textbf{1:00:53} indicates the end of a paragraph.
\par
\textbf{1:01:36} Use \textbackslash vfill\textbackslash end to end you page.}
}

@video{StanfordLectureTeXa,
  title = {Stanford {{Lecture}}: {{TeX For Beginners}} - {{Session}} 2 ({{February}} 24, 1981)},
  shorttitle = {Stanford {{Lecture}}},
  url = {https://www.youtube.com/watch?v=YRnpzxtdntw},
  urldate = {2021-07-09},
  abstract = {February 24, 1981Professor Knuth is the Professor Emeritus at Stanford University. Dr. Knuth's classic programming texts include his seminal work The Art of ...},
  langid = {british},
  keywords = {TeX,YouTube},
  note = {\textbf{12:20} \textbackslash/ is called the italic correction will add the appropriate amount of space following the character.
\par
\textbf{14:45} Mathematics was VERY expensive to typeset. He joked that mathematical formulas are surrounded by dollar signs.
\par
\textbf{16:54} Spaces within \$\$ will be ignored because TeX thinks it knows better than you.
\par
\textbf{19:10} \$Math Mode\$}
}

@video{StruggleSuccessMaryam,
  title = {Struggle to {{Success}} - {{Maryam Mirzakhani}}},
  url = {https://www.youtube.com/watch?v=58dEudf3zIo},
  urldate = {2022-01-02},
  abstract = {Success comes easily to the smart and talented. Or does it?Our second video in the series! In this video series, Struggle to Success, we take a look at a suc...},
  langid = {british}
}

@article{tedreTeachingMachineLearning2021,
  title = {Teaching {{Machine Learning}} in {{K}}–12 {{Classroom}}: {{Pedagogical}} and {{Technological Trajectories}} for {{Artificial Intelligence Education}}},
  shorttitle = {Teaching {{Machine Learning}} in {{K}}–12 {{Classroom}}},
  author = {Tedre, Matti and Toivonen, Tapani and Kahila, Juho and Vartiainen, Henriikka and Valtonen, Teemu and Jormanainen, Ilkka and Pears, Arnold},
  date = {2021},
  journaltitle = {IEEE Access},
  volume = {9},
  pages = {110558--110572},
  issn = {2169-3536},
  doi = {10.1109/ACCESS.2021.3097962},
  abstract = {Over the past decades, numerous practical applications of machine learning techniques have shown the potential of AI-driven and data-driven approaches in a large number of computing fields. Machine learning is increasingly included in computing curricula in higher education, and a quickly growing number of initiatives are expanding it in K–12 computing education, too. As machine learning enters K–12 computing education, understanding how intuition and agency in the context of such systems is developed becomes a key research area. But as schools and teachers are already struggling with integrating traditional computational thinking and traditional artificial intelligence into school curricula, understanding the challenges behind teaching machine learning in K–12 is an even more daunting challenge for computing education research. Despite the central position of machine learning and AI in the field of modern computing, the computing education research body of literature contains remarkably few studies of how people learn to train, test, improve, and deploy machine learning systems. This is especially true of the K–12 curriculum space. This article charts the emerging trajectories in educational practice, theory, and technology related to teaching machine learning in K–12 education. The article situates the existing work in the context of computing education in general, and describes some differences that K–12 computing educators should take into account when facing this challenge. The article focuses on key aspects of the paradigm shift that will be required in order to successfully integrate machine learning into the broader K–12 computing curricula. A crucial step is abandoning the belief that rule-based “traditional” programming is a central aspect and building block in developing next generation computational thinking.},
  keywords = {artificial intelligence,Automation,computational thinking,computing education,Education,K-12,Machine learning,pedagogy,Programming profession,school,Task analysis,Technological innovation,Terminology}
}

@online{TeX,
  title = {{{TeX}}},
  url = {https://en.wikipedia.org/wiki/TeX},
  urldate = {2021-07-07},
  organization = {{TeX}},
  keywords = {TeX,wikipedia}
}

@video{UNCRACKABLECollatzConjecture,
  title = {{{UNCRACKABLE}}? {{The Collatz Conjecture}} - {{Numberphile}}},
  shorttitle = {{{UNCRACKABLE}}?},
  url = {https://www.youtube.com/watch?v=5mFpVDpKX70},
  urldate = {2022-01-02},
  abstract = {Catch David on the Numberphile podcast: https://youtu.be/9y1BGvnTyQAProfessor David Eisenbud on the infamous Collatz Conjecture, a simple problem that mathem...},
  langid = {british},
  keywords = {YouTube-numberphile}
}

@online{weissteinDifferential,
  type = {Text},
  title = {Differential},
  author = {Weisstein, Eric W.},
  url = {https://mathworld.wolfram.com/Differential.html},
  urldate = {2021-07-06},
  abstract = {The word differential has several related meaning in mathematics. In the most common context, it means "related to derivatives." So, for example, the portion of calculus dealing with taking derivatives (i.e., differentiation), is known as differential calculus. The word "differential" also has a more technical meaning in the theory of differential k-forms as a so-called one-form.},
  langid = {english},
  keywords = {TeX}
}


