@misc{1997Cemc03,
  title = {1997\_cemc\_03\_pascal-09.Pdf},
  file = {/Users/markolson/Dropbox/mho_zotero/storage/1997_cemc_03_pascal-09.pdf}
}

@misc{1997Cemc03a,
  title = {1997\_cemc\_03\_pascal-09\_solutions.Pdf},
  file = {/Users/markolson/Dropbox/mho_zotero/storage/1997_cemc_03_pascal-09_solutions.pdf}
}

@misc{1997Cemc04,
  title = {1997\_cemc\_04\_cayley-10.Pdf},
  file = {/Users/markolson/Dropbox/mho_zotero/storage/1997_cemc_04_cayley-10.pdf}
}

@misc{1997Cemc04a,
  title = {1997\_cemc\_04\_cayley-10\_solutions.Pdf},
  file = {/Users/markolson/Dropbox/mho_zotero/storage/1997_cemc_04_cayley-10_solutions.pdf}
}

@misc{1997Cemc05,
  title = {1997\_cemc\_05\_fermat-11.Pdf},
  file = {/Users/markolson/Dropbox/mho_zotero/storage/1997_cemc_05_fermat-11.pdf}
}

@misc{1997Cemc05a,
  title = {1997\_cemc\_05\_fermat-11\_solutions.Pdf},
  file = {/Users/markolson/Dropbox/mho_zotero/storage/1997_cemc_05_fermat-11_solutions.pdf}
}

@misc{1998Cemc01,
  title = {1998\_cemc\_01\_gauss-07.Pdf},
  file = {/Users/markolson/Dropbox/mho_zotero/storage/1998_cemc_01_gauss-07.pdf}
}

@misc{1998Cemc01a,
  title = {1998\_cemc\_01\_gauss-07\_solutions.Pdf},
  file = {/Users/markolson/Dropbox/mho_zotero/storage/1998_cemc_01_gauss-07_solutions.pdf}
}

@misc{1998Cemc02,
  title = {1998\_cemc\_02\_gauss-08.Pdf},
  file = {/Users/markolson/Dropbox/mho_zotero/storage/1998_cemc_02_gauss-08.pdf}
}

@misc{1998Cemc02a,
  title = {1998\_cemc\_02\_gauss-08\_solutions.Pdf},
  file = {/Users/markolson/Dropbox/mho_zotero/storage/1998_cemc_02_gauss-08_solutions.pdf}
}

@misc{1998Cemc03,
  title = {1998\_cemc\_03\_pascal-09.Pdf},
  file = {/Users/markolson/Dropbox/mho_zotero/storage/1998_cemc_03_pascal-09.pdf}
}

@misc{1998Cemc03a,
  title = {1998\_cemc\_03\_pascal-09\_solutions.Pdf},
  file = {/Users/markolson/Dropbox/mho_zotero/storage/1998_cemc_03_pascal-09_solutions.pdf}
}

@misc{1998Cemc04,
  title = {1998\_cemc\_04\_cayley-10.Pdf},
  file = {/Users/markolson/Dropbox/mho_zotero/storage/1998_cemc_04_cayley-10.pdf}
}

@misc{1998Cemc04a,
  title = {1998\_cemc\_04\_cayley-10\_solutions.Pdf},
  file = {/Users/markolson/Dropbox/mho_zotero/storage/1998_cemc_04_cayley-10_solutions.pdf}
}

@misc{1998Cemc05,
  title = {1998\_cemc\_05\_fermat-11\_solutions.Pdf},
  file = {/Users/markolson/Dropbox/mho_zotero/storage/1998_cemc_05_fermat-11_solutions.pdf}
}

@misc{1998Cemc05a,
  title = {1998\_cemc\_05\_fermat-11.Pdf},
  file = {/Users/markolson/Dropbox/mho_zotero/storage/1998_cemc_05_fermat-11.pdf}
}

@misc{1998Cemc06,
  title = {1998\_cemc\_06\_euclid-12.Pdf},
  file = {/Users/markolson/Dropbox/mho_zotero/storage/1998_cemc_06_euclid-12.pdf}
}

@misc{1998Cemc06a,
  title = {1998\_cemc\_06\_euclid-12\_solutions.Pdf},
  file = {/Users/markolson/Dropbox/mho_zotero/storage/1998_cemc_06_euclid-12_solutions.pdf}
}

@misc{1999Cemc01,
  title = {1999\_cemc\_01\_gauss-07\_solutions.Pdf},
  file = {/Users/markolson/Dropbox/mho_zotero/storage/1999_cemc_01_gauss-07_solutions.pdf}
}

@misc{1999Cemc01a,
  title = {1999\_cemc\_01\_gauss-07.Pdf},
  file = {/Users/markolson/Dropbox/mho_zotero/storage/1999_cemc_01_gauss-07.pdf}
}

@misc{1999Cemc02,
  title = {1999\_cemc\_02\_gauss-08.Pdf},
  file = {/Users/markolson/Dropbox/mho_zotero/storage/1999_cemc_02_gauss-08.pdf}
}

@misc{1999Cemc02a,
  title = {1999\_cemc\_02\_gauss-08\_solutions.Pdf},
  file = {/Users/markolson/Dropbox/mho_zotero/storage/1999_cemc_02_gauss-08_solutions.pdf}
}

@misc{1999Cemc03,
  title = {1999\_cemc\_03\_pascal-09.Pdf},
  file = {/Users/markolson/Dropbox/mho_zotero/storage/1999_cemc_03_pascal-09.pdf}
}

@misc{1999Cemc03a,
  title = {1999\_cemc\_03\_pascal-09\_solutions.Pdf},
  file = {/Users/markolson/Dropbox/mho_zotero/storage/1999_cemc_03_pascal-09_solutions.pdf}
}

@misc{1999Cemc04,
  title = {1999\_cemc\_04\_cayley-10.Pdf},
  file = {/Users/markolson/Dropbox/mho_zotero/storage/1999_cemc_04_cayley-10.pdf}
}

@misc{1999Cemc04a,
  title = {1999\_cemc\_04\_cayley-10\_solutions.Pdf},
  file = {/Users/markolson/Dropbox/mho_zotero/storage/1999_cemc_04_cayley-10_solutions.pdf}
}

@misc{1999Cemc05,
  title = {1999\_cemc\_05\_fermat-11\_solutions.Pdf},
  file = {/Users/markolson/Dropbox/mho_zotero/storage/1999_cemc_05_fermat-11_solutions.pdf}
}

@misc{1999Cemc05a,
  title = {1999\_cemc\_05\_fermat-11.Pdf},
  file = {/Users/markolson/Dropbox/mho_zotero/storage/1999_cemc_05_fermat-11.pdf}
}

@misc{1999Cemc06,
  title = {1999\_cemc\_06\_euclid-12.Pdf},
  file = {/Users/markolson/Dropbox/mho_zotero/storage/1999_cemc_06_euclid-12.pdf}
}

@misc{1999Cemc06a,
  title = {1999\_cemc\_06\_euclid-12\_solutions.Pdf},
  file = {/Users/markolson/Dropbox/mho_zotero/storage/1999_cemc_06_euclid-12_solutions.pdf}
}

@misc{2000Cemc01,
  title = {2000\_cemc\_01\_gauss-07.Pdf},
  file = {/Users/markolson/Dropbox/mho_zotero/storage/2000_cemc_01_gauss-07.pdf}
}

@misc{2000Cemc01a,
  title = {2000\_cemc\_01\_gauss-07\_solutions.Pdf},
  file = {/Users/markolson/Dropbox/mho_zotero/storage/2000_cemc_01_gauss-07_solutions.pdf}
}

@misc{2000Cemc02,
  title = {2000\_cemc\_02\_gauss-08.Pdf},
  file = {/Users/markolson/Dropbox/mho_zotero/storage/2000_cemc_02_gauss-08.pdf}
}

@misc{2000Cemc02a,
  title = {2000\_cemc\_02\_gauss-08\_solutions.Pdf},
  file = {/Users/markolson/Dropbox/mho_zotero/storage/2000_cemc_02_gauss-08_solutions.pdf}
}

@misc{2000Cemc03,
  title = {2000\_cemc\_03\_pascal-09.Pdf},
  file = {/Users/markolson/Dropbox/mho_zotero/storage/2000_cemc_03_pascal-09.pdf}
}

@misc{2000Cemc03a,
  title = {2000\_cemc\_03\_pascal-09\_solutions.Pdf},
  file = {/Users/markolson/Dropbox/mho_zotero/storage/2000_cemc_03_pascal-09_solutions.pdf}
}

@misc{2000Cemc04,
  title = {2000\_cemc\_04\_cayley-10.Pdf},
  file = {/Users/markolson/Dropbox/mho_zotero/storage/2000_cemc_04_cayley-10.pdf}
}

@misc{2000Cemc04a,
  title = {2000\_cemc\_04\_cayley-10\_solutions.Pdf},
  file = {/Users/markolson/Dropbox/mho_zotero/storage/2000_cemc_04_cayley-10_solutions.pdf}
}

@misc{2000Cemc05,
  title = {2000\_cemc\_05\_fermat-11.Pdf},
  file = {/Users/markolson/Dropbox/mho_zotero/storage/2000_cemc_05_fermat-11.pdf}
}

@misc{2000Cemc05a,
  title = {2000\_cemc\_05\_fermat-11\_solutions.Pdf},
  file = {/Users/markolson/Dropbox/mho_zotero/storage/2000_cemc_05_fermat-11_solutions.pdf}
}

@misc{2000Cemc06,
  title = {2000\_cemc\_06\_euclid-12.Pdf},
  file = {/Users/markolson/Dropbox/mho_zotero/storage/2000_cemc_06_euclid-12.pdf}
}

@misc{2000Cemc06a,
  title = {2000\_cemc\_06\_euclid-12\_solutions.Pdf},
  file = {/Users/markolson/Dropbox/mho_zotero/storage/2000_cemc_06_euclid-12_solutions.pdf}
}

@misc{2001Cemc01,
  title = {2001\_cemc\_01\_gauss-07.Pdf},
  file = {/Users/markolson/Dropbox/mho_zotero/storage/2001_cemc_01_gauss-07.pdf}
}

@misc{2001Cemc01a,
  title = {2001\_cemc\_01\_gauss-07\_solutions.Pdf},
  file = {/Users/markolson/Dropbox/mho_zotero/storage/2001_cemc_01_gauss-07_solutions.pdf}
}

@misc{2001Cemc02,
  title = {2001\_cemc\_02\_gauss-08\_solutions.Pdf},
  file = {/Users/markolson/Dropbox/mho_zotero/storage/2001_cemc_02_gauss-08_solutions.pdf}
}

@misc{2001Cemc02a,
  title = {2001\_cemc\_02\_gauss-08.Pdf},
  file = {/Users/markolson/Dropbox/mho_zotero/storage/2001_cemc_02_gauss-08.pdf}
}

@misc{2001Cemc03,
  title = {2001\_cemc\_03\_pascal-09\_solutions.Pdf},
  file = {/Users/markolson/Dropbox/mho_zotero/storage/2001_cemc_03_pascal-09_solutions.pdf}
}

@misc{2001Cemc03a,
  title = {2001\_cemc\_03\_pascal-09.Pdf},
  file = {/Users/markolson/Dropbox/mho_zotero/storage/2001_cemc_03_pascal-09.pdf}
}

@misc{2001Cemc04,
  title = {2001\_cemc\_04\_cayley-10.Pdf},
  file = {/Users/markolson/Dropbox/mho_zotero/storage/2001_cemc_04_cayley-10.pdf}
}

@misc{2001Cemc04a,
  title = {2001\_cemc\_04\_cayley-10\_solutions.Pdf},
  file = {/Users/markolson/Dropbox/mho_zotero/storage/2001_cemc_04_cayley-10_solutions.pdf}
}

@misc{2001Cemc05,
  title = {2001\_cemc\_05\_fermat-11.Pdf},
  file = {/Users/markolson/Dropbox/mho_zotero/storage/2001_cemc_05_fermat-11.pdf}
}

@misc{2001Cemc05a,
  title = {2001\_cemc\_05\_fermat-11\_solutions.Pdf},
  file = {/Users/markolson/Dropbox/mho_zotero/storage/2001_cemc_05_fermat-11_solutions.pdf}
}

@misc{2001Cemc06,
  title = {2001\_cemc\_06\_euclid-12.Pdf},
  file = {/Users/markolson/Dropbox/mho_zotero/storage/2001_cemc_06_euclid-12.pdf}
}

@misc{2001Cemc06a,
  title = {2001\_cemc\_06\_euclid-12\_solutions.Pdf},
  file = {/Users/markolson/Dropbox/mho_zotero/storage/2001_cemc_06_euclid-12_solutions.pdf}
}

@misc{2002Cemc01,
  title = {2002\_cemc\_01\_gauss-07\_solutions.Pdf},
  file = {/Users/markolson/Dropbox/mho_zotero/storage/2002_cemc_01_gauss-07_solutions.pdf}
}

@misc{2002Cemc01a,
  title = {2002\_cemc\_01\_gauss-07.Pdf},
  file = {/Users/markolson/Dropbox/mho_zotero/storage/2002_cemc_01_gauss-07.pdf}
}

@misc{2002Cemc02,
  title = {2002\_cemc\_02\_gauss-08.Pdf},
  file = {/Users/markolson/Dropbox/mho_zotero/storage/2002_cemc_02_gauss-08.pdf}
}

@misc{2002Cemc02a,
  title = {2002\_cemc\_02\_gauss-08\_solutions.Pdf},
  file = {/Users/markolson/Dropbox/mho_zotero/storage/2002_cemc_02_gauss-08_solutions.pdf}
}

@misc{2002Cemc03,
  title = {2002\_cemc\_03\_pascal-09.Pdf},
  file = {/Users/markolson/Dropbox/mho_zotero/storage/2002_cemc_03_pascal-09.pdf}
}

@misc{2002Cemc03a,
  title = {2002\_cemc\_03\_pascal-09\_solutions.Pdf},
  file = {/Users/markolson/Dropbox/mho_zotero/storage/2002_cemc_03_pascal-09_solutions.pdf}
}

@misc{2002Cemc04,
  title = {2002\_cemc\_04\_cayley-10\_solutions.Pdf},
  file = {/Users/markolson/Dropbox/mho_zotero/storage/2002_cemc_04_cayley-10_solutions.pdf}
}

@misc{2002Cemc04a,
  title = {2002\_cemc\_04\_cayley-10.Pdf},
  file = {/Users/markolson/Dropbox/mho_zotero/storage/2002_cemc_04_cayley-10.pdf}
}

@misc{2002Cemc05,
  title = {2002\_cemc\_05\_fermat-11.Pdf},
  file = {/Users/markolson/Dropbox/mho_zotero/storage/2002_cemc_05_fermat-11.pdf}
}

@misc{2002Cemc05a,
  title = {2002\_cemc\_05\_fermat-11\_solutions.Pdf},
  file = {/Users/markolson/Dropbox/mho_zotero/storage/2002_cemc_05_fermat-11_solutions.pdf}
}

@misc{2002Cemc06,
  title = {2002\_cemc\_06\_euclid-12.Pdf},
  file = {/Users/markolson/Dropbox/mho_zotero/storage/2002_cemc_06_euclid-12.pdf}
}

@misc{2002Cemc06a,
  title = {2002\_cemc\_06\_euclid-12\_solutions.Pdf},
  file = {/Users/markolson/Dropbox/mho_zotero/storage/2002_cemc_06_euclid-12_solutions.pdf}
}

@misc{2003Cemc01,
  title = {2003\_cemc\_01\_gauss-07.Pdf},
  file = {/Users/markolson/Dropbox/mho_zotero/storage/2003_cemc_01_gauss-07.pdf}
}

@misc{2003Cemc01a,
  title = {2003\_cemc\_01\_gauss-07\_solutions.Pdf},
  file = {/Users/markolson/Dropbox/mho_zotero/storage/2003_cemc_01_gauss-07_solutions.pdf}
}

@misc{2003Cemc02,
  title = {2003\_cemc\_02\_gauss-08.Pdf},
  file = {/Users/markolson/Dropbox/mho_zotero/storage/2003_cemc_02_gauss-08.pdf}
}

@misc{2003Cemc02a,
  title = {2003\_cemc\_02\_gauss-08\_solutions.Pdf},
  file = {/Users/markolson/Dropbox/mho_zotero/storage/2003_cemc_02_gauss-08_solutions.pdf}
}

@misc{2003Cemc03,
  title = {2003\_cemc\_03\_pascal-09.Pdf},
  file = {/Users/markolson/Dropbox/mho_zotero/storage/2003_cemc_03_pascal-09.pdf}
}

@misc{2003Cemc03a,
  title = {2003\_cemc\_03\_pascal-09\_solutions.Pdf},
  file = {/Users/markolson/Dropbox/mho_zotero/storage/2003_cemc_03_pascal-09_solutions.pdf}
}

@misc{2003Cemc03b,
  title = {2003\_cemc\_03\_fryer-09.Pdf},
  file = {/Users/markolson/Dropbox/mho_zotero/storage/2003_cemc_03_fryer-09.pdf}
}

@misc{2003Cemc03c,
  title = {2003\_cemc\_03\_fryer-09\_solutions.Pdf},
  file = {/Users/markolson/Dropbox/mho_zotero/storage/2003_cemc_03_fryer-09_solutions.pdf}
}

@misc{2003Cemc04,
  title = {2003\_cemc\_04\_cayley-10.Pdf},
  file = {/Users/markolson/Dropbox/mho_zotero/storage/2003_cemc_04_cayley-10.pdf}
}

@misc{2003Cemc04a,
  title = {2003\_cemc\_04\_cayley-10\_solutions.Pdf},
  file = {/Users/markolson/Dropbox/mho_zotero/storage/2003_cemc_04_cayley-10_solutions.pdf}
}

@misc{2003Cemc04b,
  title = {2003\_cemc\_04\_galois-10.Pdf},
  file = {/Users/markolson/Dropbox/mho_zotero/storage/2003_cemc_04_galois-10.pdf}
}

@misc{2003Cemc04c,
  title = {2003\_cemc\_04\_galois-10\_solutions.Pdf},
  file = {/Users/markolson/Dropbox/mho_zotero/storage/2003_cemc_04_galois-10_solutions.pdf}
}

@misc{2003Cemc05,
  title = {2003\_cemc\_05\_hypatia-11\_solutions.Pdf},
  file = {/Users/markolson/Dropbox/mho_zotero/storage/2003_cemc_05_hypatia-11_solutions.pdf}
}

@misc{2003Cemc05a,
  title = {2003\_cemc\_05\_hyptatia-11.Pdf},
  file = {/Users/markolson/Dropbox/mho_zotero/storage/2003_cemc_05_hyptatia-11.pdf}
}

@misc{2003Cemc05b,
  title = {2003\_cemc\_05\_fermat-11.Pdf},
  file = {/Users/markolson/Dropbox/mho_zotero/storage/2003_cemc_05_fermat-11.pdf}
}

@misc{2003Cemc05c,
  title = {2003\_cemc\_05\_fermat-11\_solutions.Pdf},
  file = {/Users/markolson/Dropbox/mho_zotero/storage/2003_cemc_05_fermat-11_solutions.pdf}
}

@misc{2003Cemc06,
  title = {2003\_cemc\_06\_euclid-12\_solutions.Pdf},
  file = {/Users/markolson/Dropbox/mho_zotero/storage/2003_cemc_06_euclid-12_solutions.pdf}
}

@misc{2003Cemc06a,
  title = {2003\_cemc\_06\_euclid-12.Pdf},
  file = {/Users/markolson/Dropbox/mho_zotero/storage/2003_cemc_06_euclid-12.pdf}
}

@misc{2004Cemc01,
  title = {2004\_cemc\_01\_gauss-07.Pdf},
  file = {/Users/markolson/Dropbox/mho_zotero/storage/2004_cemc_01_gauss-07.pdf}
}

@misc{2004Cemc01a,
  title = {2004\_cemc\_01\_gauss-07\_solutions.Pdf},
  file = {/Users/markolson/Dropbox/mho_zotero/storage/2004_cemc_01_gauss-07_solutions.pdf}
}

@misc{2004Cemc02,
  title = {2004\_cemc\_02\_gauss-08.Pdf},
  file = {/Users/markolson/Dropbox/mho_zotero/storage/2004_cemc_02_gauss-08.pdf}
}

@misc{2004Cemc02a,
  title = {2004\_cemc\_02\_gauss-08\_solutions.Pdf},
  file = {/Users/markolson/Dropbox/mho_zotero/storage/2004_cemc_02_gauss-08_solutions.pdf}
}

@misc{2004Cemc03,
  title = {2004\_cemc\_03\_pascal-09.Pdf},
  file = {/Users/markolson/Dropbox/mho_zotero/storage/2004_cemc_03_pascal-09.pdf}
}

@misc{2004Cemc03a,
  title = {2004\_cemc\_03\_pascal-09\_solutions.Pdf},
  file = {/Users/markolson/Dropbox/mho_zotero/storage/2004_cemc_03_pascal-09_solutions.pdf}
}

@misc{2004Cemc03b,
  title = {2004\_cemc\_03\_fryer-09.Pdf},
  file = {/Users/markolson/Dropbox/mho_zotero/storage/2004_cemc_03_fryer-09.pdf}
}

@misc{2004Cemc03c,
  title = {2004\_cemc\_03\_fryer-09\_solutions.Pdf},
  file = {/Users/markolson/Dropbox/mho_zotero/storage/2004_cemc_03_fryer-09_solutions.pdf}
}

@misc{2004Cemc04,
  title = {2004\_cemc\_04\_cayley-10.Pdf},
  file = {/Users/markolson/Dropbox/mho_zotero/storage/2004_cemc_04_cayley-10.pdf}
}

@misc{2004Cemc04a,
  title = {2004\_cemc\_04\_cayley-10\_solutions.Pdf},
  file = {/Users/markolson/Dropbox/mho_zotero/storage/2004_cemc_04_cayley-10_solutions.pdf}
}

@misc{2004Cemc04b,
  title = {2004\_cemc\_04\_galois-10.Pdf},
  file = {/Users/markolson/Dropbox/mho_zotero/storage/2004_cemc_04_galois-10.pdf}
}

@misc{2004Cemc04c,
  title = {2004\_cemc\_04\_galois-10\_solutions.Pdf},
  file = {/Users/markolson/Dropbox/mho_zotero/storage/2004_cemc_04_galois-10_solutions.pdf}
}

@misc{2004Cemc05,
  title = {2004\_cemc\_05\_hyptatia-11.Pdf},
  file = {/Users/markolson/Dropbox/mho_zotero/storage/2004_cemc_05_hyptatia-11.pdf}
}

@misc{2004Cemc05a,
  title = {2004\_cemc\_05\_hypatia-11\_solutions.Pdf},
  file = {/Users/markolson/Dropbox/mho_zotero/storage/2004_cemc_05_hypatia-11_solutions.pdf}
}

@misc{2004Cemc05b,
  title = {2004\_cemc\_05\_fermat-11\_solutions.Pdf},
  file = {/Users/markolson/Dropbox/mho_zotero/storage/2004_cemc_05_fermat-11_solutions.pdf}
}

@misc{2004Cemc05c,
  title = {2004\_cemc\_05\_fermat-11.Pdf},
  file = {/Users/markolson/Dropbox/mho_zotero/storage/2004_cemc_05_fermat-11.pdf}
}

@misc{2004Cemc06,
  title = {2004\_cemc\_06\_euclid-12.Pdf},
  file = {/Users/markolson/Dropbox/mho_zotero/storage/2004_cemc_06_euclid-12.pdf}
}

@misc{2004Cemc06a,
  title = {2004\_cemc\_06\_euclid-12\_solutions.Pdf},
  file = {/Users/markolson/Dropbox/mho_zotero/storage/2004_cemc_06_euclid-12_solutions.pdf}
}

@misc{2005Cemc01,
  title = {2005\_cemc\_01\_gauss-07.Pdf},
  file = {/Users/markolson/Dropbox/mho_zotero/storage/2005_cemc_01_gauss-07.pdf}
}

@misc{2005Cemc01a,
  title = {2005\_cemc\_01\_gauss-07\_solutions.Pdf},
  file = {/Users/markolson/Dropbox/mho_zotero/storage/2005_cemc_01_gauss-07_solutions.pdf}
}

@misc{2005Cemc02,
  title = {2005\_cemc\_02\_gauss-08.Pdf},
  file = {/Users/markolson/Dropbox/mho_zotero/storage/2005_cemc_02_gauss-08.pdf}
}

@misc{2005Cemc02a,
  title = {2005\_cemc\_02\_gauss-08\_solutions.Pdf},
  file = {/Users/markolson/Dropbox/mho_zotero/storage/2005_cemc_02_gauss-08_solutions.pdf}
}

@misc{2005Cemc03,
  title = {2005\_cemc\_03\_pascal-09\_solutions.Pdf},
  file = {/Users/markolson/Dropbox/mho_zotero/storage/2005_cemc_03_pascal-09_solutions.pdf}
}

@misc{2005Cemc03a,
  title = {2005\_cemc\_03\_pascal-09.Pdf},
  file = {/Users/markolson/Dropbox/mho_zotero/storage/2005_cemc_03_pascal-09.pdf}
}

@misc{2005Cemc03b,
  title = {2005\_cemc\_03\_fryer-09.Pdf},
  file = {/Users/markolson/Dropbox/mho_zotero/storage/2005_cemc_03_fryer-09.pdf}
}

@misc{2005Cemc03c,
  title = {2005\_cemc\_03\_fryer-09\_solutions.Pdf},
  file = {/Users/markolson/Dropbox/mho_zotero/storage/2005_cemc_03_fryer-09_solutions.pdf}
}

@misc{2005Cemc04,
  title = {2005\_cemc\_04\_galois-10.Pdf},
  file = {/Users/markolson/Dropbox/mho_zotero/storage/2005_cemc_04_galois-10.pdf}
}

@misc{2005Cemc04a,
  title = {2005\_cemc\_04\_cayley-10.Pdf},
  file = {/Users/markolson/Dropbox/mho_zotero/storage/2005_cemc_04_cayley-10.pdf}
}

@misc{2005Cemc04b,
  title = {2005\_cemc\_04\_cayley-10\_solutions.Pdf},
  file = {/Users/markolson/Dropbox/mho_zotero/storage/2005_cemc_04_cayley-10_solutions.pdf}
}

@misc{2005Cemc04c,
  title = {2005\_cemc\_04\_galois-10\_solutions.Pdf},
  file = {/Users/markolson/Dropbox/mho_zotero/storage/2005_cemc_04_galois-10_solutions.pdf}
}

@misc{2005Cemc05,
  title = {2005\_cemc\_05\_hyptatia-11.Pdf},
  file = {/Users/markolson/Dropbox/mho_zotero/storage/2005_cemc_05_hyptatia-11.pdf}
}

@misc{2005Cemc05a,
  title = {2005\_cemc\_05\_hypatia-11\_solutions.Pdf},
  file = {/Users/markolson/Dropbox/mho_zotero/storage/2005_cemc_05_hypatia-11_solutions.pdf}
}

@misc{2005Cemc05b,
  title = {2005\_cemc\_05\_fermat-11.Pdf},
  file = {/Users/markolson/Dropbox/mho_zotero/storage/2005_cemc_05_fermat-11.pdf}
}

@misc{2005Cemc05c,
  title = {2005\_cemc\_05\_fermat-11\_solutions.Pdf},
  file = {/Users/markolson/Dropbox/mho_zotero/storage/2005_cemc_05_fermat-11_solutions.pdf}
}

@misc{2005Cemc06,
  title = {2005\_cemc\_06\_euclid-12.Pdf},
  file = {/Users/markolson/Dropbox/mho_zotero/storage/2005_cemc_06_euclid-12.pdf}
}

@misc{2005Cemc06a,
  title = {2005\_cemc\_06\_euclid-12\_solutions.Pdf},
  file = {/Users/markolson/Dropbox/mho_zotero/storage/2005_cemc_06_euclid-12_solutions.pdf}
}

@misc{2006Cemc01,
  title = {2006\_cemc\_01\_gauss-07.Pdf},
  file = {/Users/markolson/Dropbox/mho_zotero/storage/2006_cemc_01_gauss-07.pdf}
}

@misc{2006Cemc01a,
  title = {2006\_cemc\_01\_gauss-07\_solutions.Pdf},
  file = {/Users/markolson/Dropbox/mho_zotero/storage/2006_cemc_01_gauss-07_solutions.pdf}
}

@misc{2006Cemc02,
  title = {2006\_cemc\_02\_gauss-08.Pdf},
  file = {/Users/markolson/Dropbox/mho_zotero/storage/2006_cemc_02_gauss-08.pdf}
}

@misc{2006Cemc02a,
  title = {2006\_cemc\_02\_gauss-08\_solutions.Pdf},
  file = {/Users/markolson/Dropbox/mho_zotero/storage/2006_cemc_02_gauss-08_solutions.pdf}
}

@misc{2006Cemc03,
  title = {2006\_cemc\_03\_pascal-09\_solutions.Pdf},
  file = {/Users/markolson/Dropbox/mho_zotero/storage/2006_cemc_03_pascal-09_solutions.pdf}
}

@misc{2006Cemc03a,
  title = {2006\_cemc\_03\_pascal-09.Pdf},
  file = {/Users/markolson/Dropbox/mho_zotero/storage/2006_cemc_03_pascal-09.pdf}
}

@misc{2006Cemc03b,
  title = {2006\_cemc\_03\_fryer-09.Pdf},
  file = {/Users/markolson/Dropbox/mho_zotero/storage/2006_cemc_03_fryer-09.pdf}
}

@misc{2006Cemc03c,
  title = {2006\_cemc\_03\_fryer-09\_solutions.Pdf},
  file = {/Users/markolson/Dropbox/mho_zotero/storage/2006_cemc_03_fryer-09_solutions.pdf}
}

@misc{2006Cemc04,
  title = {2006\_cemc\_04\_galois-10.Pdf},
  file = {/Users/markolson/Dropbox/mho_zotero/storage/2006_cemc_04_galois-10.pdf}
}

@misc{2006Cemc04a,
  title = {2006\_cemc\_04\_galois-10\_solutions.Pdf},
  file = {/Users/markolson/Dropbox/mho_zotero/storage/2006_cemc_04_galois-10_solutions.pdf}
}

@misc{2006Cemc04b,
  title = {2006\_cemc\_04\_cayley-10.Pdf},
  file = {/Users/markolson/Dropbox/mho_zotero/storage/2006_cemc_04_cayley-10.pdf}
}

@misc{2006Cemc04c,
  title = {2006\_cemc\_04\_cayley-10\_solutions.Pdf},
  file = {/Users/markolson/Dropbox/mho_zotero/storage/2006_cemc_04_cayley-10_solutions.pdf}
}

@misc{2006Cemc05,
  title = {2006\_cemc\_05\_hyptatia-11.Pdf},
  file = {/Users/markolson/Dropbox/mho_zotero/storage/2006_cemc_05_hyptatia-11.pdf}
}

@misc{2006Cemc05a,
  title = {2006\_cemc\_05\_hypatia-11\_solutions.Pdf},
  file = {/Users/markolson/Dropbox/mho_zotero/storage/2006_cemc_05_hypatia-11_solutions.pdf}
}

@misc{2006Cemc05b,
  title = {2006\_cemc\_05\_fermat-11.Pdf},
  file = {/Users/markolson/Dropbox/mho_zotero/storage/2006_cemc_05_fermat-11.pdf}
}

@misc{2006Cemc05c,
  title = {2006\_cemc\_05\_fermat-11\_solutions.Pdf},
  file = {/Users/markolson/Dropbox/mho_zotero/storage/2006_cemc_05_fermat-11_solutions.pdf}
}

@misc{2006Cemc06,
  title = {2006\_cemc\_06\_euclid-12.Pdf},
  file = {/Users/markolson/Dropbox/mho_zotero/storage/2006_cemc_06_euclid-12.pdf}
}

@misc{2006Cemc06a,
  title = {2006\_cemc\_06\_euclid-12\_solutions.Pdf},
  file = {/Users/markolson/Dropbox/mho_zotero/storage/2006_cemc_06_euclid-12_solutions.pdf}
}

@misc{2007Cemc01,
  title = {2007\_cemc\_01\_gauss-07.Pdf},
  file = {/Users/markolson/Dropbox/mho_zotero/storage/2007_cemc_01_gauss-07.pdf}
}

@misc{2007Cemc01a,
  title = {2007\_cemc\_01\_gauss-07\_solutions.Pdf},
  file = {/Users/markolson/Dropbox/mho_zotero/storage/2007_cemc_01_gauss-07_solutions.pdf}
}

@misc{2007Cemc02,
  title = {2007\_cemc\_02\_gauss-08.Pdf},
  file = {/Users/markolson/Dropbox/mho_zotero/storage/2007_cemc_02_gauss-08.pdf}
}

@misc{2007Cemc02a,
  title = {2007\_cemc\_02\_gauss-08\_solutions.Pdf},
  file = {/Users/markolson/Dropbox/mho_zotero/storage/2007_cemc_02_gauss-08_solutions.pdf}
}

@misc{2007Cemc03,
  title = {2007\_cemc\_03\_pascal-09.Pdf},
  file = {/Users/markolson/Dropbox/mho_zotero/storage/2007_cemc_03_pascal-09.pdf}
}

@misc{2007Cemc03a,
  title = {2007\_cemc\_03\_pascal-09\_solutions.Pdf},
  file = {/Users/markolson/Dropbox/mho_zotero/storage/2007_cemc_03_pascal-09_solutions.pdf}
}

@misc{2007Cemc03b,
  title = {2007\_cemc\_03\_fryer-09.Pdf},
  file = {/Users/markolson/Dropbox/mho_zotero/storage/2007_cemc_03_fryer-09.pdf}
}

@misc{2007Cemc03c,
  title = {2007\_cemc\_03\_fryer-09\_solutions.Pdf},
  file = {/Users/markolson/Dropbox/mho_zotero/storage/2007_cemc_03_fryer-09_solutions.pdf}
}

@misc{2007Cemc04,
  title = {2007\_cemc\_04\_galois-10.Pdf},
  file = {/Users/markolson/Dropbox/mho_zotero/storage/2007_cemc_04_galois-10.pdf}
}

@misc{2007Cemc04a,
  title = {2007\_cemc\_04\_galois-10\_solutions.Pdf},
  file = {/Users/markolson/Dropbox/mho_zotero/storage/2007_cemc_04_galois-10_solutions.pdf}
}

@misc{2007Cemc04b,
  title = {2007\_cemc\_04\_cayley-10.Pdf},
  file = {/Users/markolson/Dropbox/mho_zotero/storage/2007_cemc_04_cayley-10.pdf}
}

@misc{2007Cemc04c,
  title = {2007\_cemc\_04\_cayley-10\_solutions.Pdf},
  file = {/Users/markolson/Dropbox/mho_zotero/storage/2007_cemc_04_cayley-10_solutions.pdf}
}

@misc{2007Cemc05,
  title = {2007\_cemc\_05\_hyptatia-11.Pdf},
  file = {/Users/markolson/Dropbox/mho_zotero/storage/2007_cemc_05_hyptatia-11.pdf}
}

@misc{2007Cemc05a,
  title = {2007\_cemc\_05\_hypatia-11\_solutions.Pdf},
  file = {/Users/markolson/Dropbox/mho_zotero/storage/2007_cemc_05_hypatia-11_solutions.pdf}
}

@misc{2007Cemc05b,
  title = {2007\_cemc\_05\_fermat-11.Pdf},
  file = {/Users/markolson/Dropbox/mho_zotero/storage/2007_cemc_05_fermat-11.pdf}
}

@misc{2007Cemc05c,
  title = {2007\_cemc\_05\_fermat-11\_solutions.Pdf},
  file = {/Users/markolson/Dropbox/mho_zotero/storage/2007_cemc_05_fermat-11_solutions.pdf}
}

@misc{2007Cemc06,
  title = {2007\_cemc\_06\_euclid-12.Pdf},
  file = {/Users/markolson/Dropbox/mho_zotero/storage/2007_cemc_06_euclid-12.pdf}
}

@misc{2007Cemc06a,
  title = {2007\_cemc\_06\_euclid-12\_solutions.Pdf},
  file = {/Users/markolson/Dropbox/mho_zotero/storage/2007_cemc_06_euclid-12_solutions.pdf}
}

@misc{2008Cemc01,
  title = {2008\_cemc\_01\_gauss-07.Pdf},
  file = {/Users/markolson/Dropbox/mho_zotero/storage/2008_cemc_01_gauss-07.pdf}
}

@misc{2008Cemc01a,
  title = {2008\_cemc\_01\_gauss-07\_solutions.Pdf},
  file = {/Users/markolson/Dropbox/mho_zotero/storage/2008_cemc_01_gauss-07_solutions.pdf}
}

@misc{2008Cemc02,
  title = {2008\_cemc\_02\_gauss-08.Pdf},
  file = {/Users/markolson/Dropbox/mho_zotero/storage/2008_cemc_02_gauss-08.pdf}
}

@misc{2008Cemc02a,
  title = {2008\_cemc\_02\_gauss-08\_solutions.Pdf},
  file = {/Users/markolson/Dropbox/mho_zotero/storage/2008_cemc_02_gauss-08_solutions.pdf}
}

@misc{2008Cemc03,
  title = {2008\_cemc\_03\_pascal-09.Pdf},
  file = {/Users/markolson/Dropbox/mho_zotero/storage/2008_cemc_03_pascal-09.pdf}
}

@misc{2008Cemc03a,
  title = {2008\_cemc\_03\_pascal-09\_solutions.Pdf},
  file = {/Users/markolson/Dropbox/mho_zotero/storage/2008_cemc_03_pascal-09_solutions.pdf}
}

@misc{2008Cemc03b,
  title = {2008\_cemc\_03\_fryer-09.Pdf},
  file = {/Users/markolson/Dropbox/mho_zotero/storage/2008_cemc_03_fryer-09.pdf}
}

@misc{2008Cemc03c,
  title = {2008\_cemc\_03\_fryer-09\_solutions.Pdf},
  file = {/Users/markolson/Dropbox/mho_zotero/storage/2008_cemc_03_fryer-09_solutions.pdf}
}

@misc{2008Cemc04,
  title = {2008\_cemc\_04\_galois-10.Pdf},
  file = {/Users/markolson/Dropbox/mho_zotero/storage/2008_cemc_04_galois-10.pdf}
}

@misc{2008Cemc04a,
  title = {2008\_cemc\_04\_galois-10\_solutions.Pdf},
  file = {/Users/markolson/Dropbox/mho_zotero/storage/2008_cemc_04_galois-10_solutions.pdf}
}

@misc{2008Cemc04b,
  title = {2008\_cemc\_04\_cayley-10.Pdf},
  file = {/Users/markolson/Dropbox/mho_zotero/storage/2008_cemc_04_cayley-10.pdf}
}

@misc{2008Cemc04c,
  title = {2008\_cemc\_04\_cayley-10\_solutions.Pdf},
  file = {/Users/markolson/Dropbox/mho_zotero/storage/2008_cemc_04_cayley-10_solutions.pdf}
}

@misc{2008Cemc05,
  title = {2008\_cemc\_05\_hypatia-11\_solutions.Pdf},
  file = {/Users/markolson/Dropbox/mho_zotero/storage/2008_cemc_05_hypatia-11_solutions.pdf}
}

@misc{2008Cemc05a,
  title = {2008\_cemc\_05\_hyptatia-11.Pdf},
  file = {/Users/markolson/Dropbox/mho_zotero/storage/2008_cemc_05_hyptatia-11.pdf}
}

@misc{2008Cemc05b,
  title = {2008\_cemc\_05\_fermat-11\_solutions.Pdf},
  file = {/Users/markolson/Dropbox/mho_zotero/storage/2008_cemc_05_fermat-11_solutions.pdf}
}

@misc{2008Cemc05c,
  title = {2008\_cemc\_05\_fermat-11.Pdf},
  file = {/Users/markolson/Dropbox/mho_zotero/storage/2008_cemc_05_fermat-11.pdf}
}

@misc{2008Cemc06,
  title = {2008\_cemc\_06\_euclid-12.Pdf},
  file = {/Users/markolson/Dropbox/mho_zotero/storage/2008_cemc_06_euclid-12.pdf}
}

@misc{2008Cemc06a,
  title = {2008\_cemc\_06\_euclid-12\_solutions.Pdf},
  file = {/Users/markolson/Dropbox/mho_zotero/storage/2008_cemc_06_euclid-12_solutions.pdf}
}

@misc{2009Cemc01,
  title = {2009\_cemc\_01\_gauss-07.Pdf},
  file = {/Users/markolson/Dropbox/mho_zotero/storage/2009_cemc_01_gauss-07.pdf}
}

@misc{2009Cemc01a,
  title = {2009\_cemc\_01\_gauss-07\_solutions.Pdf},
  file = {/Users/markolson/Dropbox/mho_zotero/storage/2009_cemc_01_gauss-07_solutions.pdf}
}

@misc{2009Cemc02,
  title = {2009\_cemc\_02\_gauss-08.Pdf},
  file = {/Users/markolson/Dropbox/mho_zotero/storage/2009_cemc_02_gauss-08.pdf}
}

@misc{2009Cemc02a,
  title = {2009\_cemc\_02\_gauss-08\_solutions.Pdf},
  file = {/Users/markolson/Dropbox/mho_zotero/storage/2009_cemc_02_gauss-08_solutions.pdf}
}

@misc{2009Cemc03,
  title = {2009\_cemc\_03\_pascal-09.Pdf},
  file = {/Users/markolson/Dropbox/mho_zotero/storage/2009_cemc_03_pascal-09.pdf}
}

@misc{2009Cemc03a,
  title = {2009\_cemc\_03\_pascal-09\_solutions.Pdf},
  file = {/Users/markolson/Dropbox/mho_zotero/storage/2009_cemc_03_pascal-09_solutions.pdf}
}

@misc{2009Cemc03b,
  title = {2009\_cemc\_03\_fryer-09\_solutions.Pdf},
  file = {/Users/markolson/Dropbox/mho_zotero/storage/2009_cemc_03_fryer-09_solutions.pdf}
}

@misc{2009Cemc03c,
  title = {2009\_cemc\_03\_fryer-09.Pdf},
  file = {/Users/markolson/Dropbox/mho_zotero/storage/2009_cemc_03_fryer-09.pdf}
}

@misc{2009Cemc04,
  title = {2009\_cemc\_04\_galois-10.Pdf},
  file = {/Users/markolson/Dropbox/mho_zotero/storage/2009_cemc_04_galois-10.pdf}
}

@misc{2009Cemc04a,
  title = {2009\_cemc\_04\_galois-10\_solutions.Pdf},
  file = {/Users/markolson/Dropbox/mho_zotero/storage/2009_cemc_04_galois-10_solutions.pdf}
}

@misc{2009Cemc04b,
  title = {2009\_cemc\_04\_cayley-10.Pdf},
  file = {/Users/markolson/Dropbox/mho_zotero/storage/2009_cemc_04_cayley-10.pdf}
}

@misc{2009Cemc04c,
  title = {2009\_cemc\_04\_cayley-10\_solutions.Pdf},
  file = {/Users/markolson/Dropbox/mho_zotero/storage/2009_cemc_04_cayley-10_solutions.pdf}
}

@misc{2009Cemc05,
  title = {2009\_cemc\_05\_hyptatia-11.Pdf},
  file = {/Users/markolson/Dropbox/mho_zotero/storage/2009_cemc_05_hyptatia-11.pdf}
}

@misc{2009Cemc05a,
  title = {2009\_cemc\_05\_hypatia-11\_solutions.Pdf},
  file = {/Users/markolson/Dropbox/mho_zotero/storage/2009_cemc_05_hypatia-11_solutions.pdf}
}

@misc{2009Cemc05b,
  title = {2009\_cemc\_05\_fermat-11.Pdf},
  file = {/Users/markolson/Dropbox/mho_zotero/storage/2009_cemc_05_fermat-11.pdf}
}

@misc{2009Cemc05c,
  title = {2009\_cemc\_05\_fermat-11\_solutions.Pdf},
  file = {/Users/markolson/Dropbox/mho_zotero/storage/2009_cemc_05_fermat-11_solutions.pdf}
}

@misc{2009Cemc06,
  title = {2009\_cemc\_06\_euclid-12.Pdf},
  file = {/Users/markolson/Dropbox/mho_zotero/storage/2009_cemc_06_euclid-12.pdf}
}

@misc{2009Cemc06a,
  title = {2009\_cemc\_06\_euclid-12\_solutions.Pdf},
  file = {/Users/markolson/Dropbox/mho_zotero/storage/2009_cemc_06_euclid-12_solutions.pdf}
}

@misc{2010Cemc01,
  title = {2010\_cemc\_01\_gauss-07.Pdf},
  file = {/Users/markolson/Dropbox/mho_zotero/storage/2010_cemc_01_gauss-07.pdf}
}

@misc{2010Cemc01a,
  title = {2010\_cemc\_01\_gauss-07\_solutions.Pdf},
  file = {/Users/markolson/Dropbox/mho_zotero/storage/2010_cemc_01_gauss-07_solutions.pdf}
}

@misc{2010Cemc02,
  title = {2010\_cemc\_02\_gauss-08.Pdf},
  file = {/Users/markolson/Dropbox/mho_zotero/storage/2010_cemc_02_gauss-08.pdf}
}

@misc{2010Cemc02a,
  title = {2010\_cemc\_02\_gauss-08\_solutions.Pdf},
  file = {/Users/markolson/Dropbox/mho_zotero/storage/2010_cemc_02_gauss-08_solutions.pdf}
}

@misc{2010Cemc03,
  title = {2010\_cemc\_03\_pascal-09.Pdf},
  file = {/Users/markolson/Dropbox/mho_zotero/storage/2010_cemc_03_pascal-09.pdf}
}

@misc{2010Cemc03a,
  title = {2010\_cemc\_03\_pascal-09\_solutions.Pdf},
  file = {/Users/markolson/Dropbox/mho_zotero/storage/2010_cemc_03_pascal-09_solutions.pdf}
}

@misc{2010Cemc03b,
  title = {2010\_cemc\_03\_fryer-09.Pdf},
  file = {/Users/markolson/Dropbox/mho_zotero/storage/2010_cemc_03_fryer-09.pdf}
}

@misc{2010Cemc03c,
  title = {2010\_cemc\_03\_fryer-09\_solutions.Pdf},
  file = {/Users/markolson/Dropbox/mho_zotero/storage/2010_cemc_03_fryer-09_solutions.pdf}
}

@misc{2010Cemc04,
  title = {2010\_cemc\_04\_galois-10.Pdf},
  file = {/Users/markolson/Dropbox/mho_zotero/storage/2010_cemc_04_galois-10.pdf}
}

@misc{2010Cemc04a,
  title = {2010\_cemc\_04\_galois-10\_solutions.Pdf},
  file = {/Users/markolson/Dropbox/mho_zotero/storage/2010_cemc_04_galois-10_solutions.pdf}
}

@misc{2010Cemc04b,
  title = {2010\_cemc\_04\_cayley-10.Pdf},
  file = {/Users/markolson/Dropbox/mho_zotero/storage/2010_cemc_04_cayley-10.pdf}
}

@misc{2010Cemc04c,
  title = {2010\_cemc\_04\_cayley-10\_solutions.Pdf},
  file = {/Users/markolson/Dropbox/mho_zotero/storage/2010_cemc_04_cayley-10_solutions.pdf}
}

@misc{2010Cemc05,
  title = {2010\_cemc\_05\_hyptatia-11.Pdf},
  file = {/Users/markolson/Dropbox/mho_zotero/storage/2010_cemc_05_hyptatia-11.pdf}
}

@misc{2010Cemc05a,
  title = {2010\_cemc\_05\_hypatia-11\_solutions.Pdf},
  file = {/Users/markolson/Dropbox/mho_zotero/storage/2010_cemc_05_hypatia-11_solutions.pdf}
}

@misc{2010Cemc05b,
  title = {2010\_cemc\_05\_fermat-11.Pdf},
  file = {/Users/markolson/Dropbox/mho_zotero/storage/2010_cemc_05_fermat-11.pdf}
}

@misc{2010Cemc05c,
  title = {2010\_cemc\_05\_fermat-11\_solutions.Pdf},
  file = {/Users/markolson/Dropbox/mho_zotero/storage/2010_cemc_05_fermat-11_solutions.pdf}
}

@misc{2010Cemc06,
  title = {2010\_cemc\_06\_euclid-12.Pdf},
  file = {/Users/markolson/Dropbox/mho_zotero/storage/2010_cemc_06_euclid-12.pdf}
}

@misc{2010Cemc06a,
  title = {2010\_cemc\_06\_euclid-12\_solutions.Pdf},
  file = {/Users/markolson/Dropbox/mho_zotero/storage/2010_cemc_06_euclid-12_solutions.pdf}
}

@misc{2011Cemc01,
  title = {2011\_cemc\_01\_gauss-07.Pdf},
  file = {/Users/markolson/Dropbox/mho_zotero/storage/2011_cemc_01_gauss-07.pdf}
}

@misc{2011Cemc01a,
  title = {2011\_cemc\_01\_gauss-07\_solutions.Pdf},
  file = {/Users/markolson/Dropbox/mho_zotero/storage/2011_cemc_01_gauss-07_solutions.pdf}
}

@misc{2011Cemc02,
  title = {2011\_cemc\_02\_gauss-08.Pdf},
  file = {/Users/markolson/Dropbox/mho_zotero/storage/2011_cemc_02_gauss-08.pdf}
}

@misc{2011Cemc02a,
  title = {2011\_cemc\_02\_gauss-08\_solutions.Pdf},
  file = {/Users/markolson/Dropbox/mho_zotero/storage/2011_cemc_02_gauss-08_solutions.pdf}
}

@misc{2011Cemc03,
  title = {2011\_cemc\_03\_pascal-09.Pdf},
  file = {/Users/markolson/Dropbox/mho_zotero/storage/2011_cemc_03_pascal-09.pdf}
}

@misc{2011Cemc03a,
  title = {2011\_cemc\_03\_pascal-09\_solutions.Pdf},
  file = {/Users/markolson/Dropbox/mho_zotero/storage/2011_cemc_03_pascal-09_solutions.pdf}
}

@misc{2011Cemc03b,
  title = {2011\_cemc\_03\_fryer-09.Pdf},
  file = {/Users/markolson/Dropbox/mho_zotero/storage/2011_cemc_03_fryer-09.pdf}
}

@misc{2011Cemc03c,
  title = {2011\_cemc\_03\_fryer-09\_solutions.Pdf},
  file = {/Users/markolson/Dropbox/mho_zotero/storage/2011_cemc_03_fryer-09_solutions.pdf}
}

@misc{2011Cemc04,
  title = {2011\_cemc\_04\_galois-10.Pdf},
  file = {/Users/markolson/Dropbox/mho_zotero/storage/2011_cemc_04_galois-10.pdf}
}

@misc{2011Cemc04a,
  title = {2011\_cemc\_04\_galois-10\_solutions.Pdf},
  file = {/Users/markolson/Dropbox/mho_zotero/storage/2011_cemc_04_galois-10_solutions.pdf}
}

@misc{2011Cemc04b,
  title = {2011\_cemc\_04\_cayley-10.Pdf},
  file = {/Users/markolson/Dropbox/mho_zotero/storage/2011_cemc_04_cayley-10.pdf}
}

@misc{2011Cemc04c,
  title = {2011\_cemc\_04\_cayley-10\_solutions.Pdf},
  file = {/Users/markolson/Dropbox/mho_zotero/storage/2011_cemc_04_cayley-10_solutions.pdf}
}

@misc{2011Cemc05,
  title = {2011\_cemc\_05\_hyptatia-11.Pdf},
  file = {/Users/markolson/Dropbox/mho_zotero/storage/2011_cemc_05_hyptatia-11.pdf}
}

@misc{2011Cemc05a,
  title = {2011\_cemc\_05\_hypatia-11\_solutions.Pdf},
  file = {/Users/markolson/Dropbox/mho_zotero/storage/2011_cemc_05_hypatia-11_solutions.pdf}
}

@misc{2011Cemc05b,
  title = {2011\_cemc\_05\_fermat-11.Pdf},
  file = {/Users/markolson/Dropbox/mho_zotero/storage/2011_cemc_05_fermat-11.pdf}
}

@misc{2011Cemc05c,
  title = {2011\_cemc\_05\_fermat-11\_solutions.Pdf},
  file = {/Users/markolson/Dropbox/mho_zotero/storage/2011_cemc_05_fermat-11_solutions.pdf}
}

@misc{2011Cemc06,
  title = {2011\_cemc\_06\_euclid-12.Pdf},
  file = {/Users/markolson/Dropbox/mho_zotero/storage/2011_cemc_06_euclid-12.pdf}
}

@misc{2011Cemc06a,
  title = {2011\_cemc\_06\_euclid-12\_solutions.Pdf},
  file = {/Users/markolson/Dropbox/mho_zotero/storage/2011_cemc_06_euclid-12_solutions.pdf}
}

@misc{2011Cemc07,
  title = {2011\_cemc\_07\_cimc.Pdf},
  file = {/Users/markolson/Dropbox/mho_zotero/storage/2011_cemc_07_cimc.pdf}
}

@misc{2011Cemc07a,
  title = {2011\_cemc\_07\_cimc\_solutions.Pdf},
  file = {/Users/markolson/Dropbox/mho_zotero/storage/2011_cemc_07_cimc_solutions.pdf}
}

@misc{2011Cemc07b,
  title = {2011\_cemc\_07\_csms.Pdf},
  file = {/Users/markolson/Dropbox/mho_zotero/storage/2011_cemc_07_csms.pdf}
}

@misc{2011Cemc08,
  title = {2011\_cemc\_08\_csms\_solutions.Pdf},
  file = {/Users/markolson/Dropbox/mho_zotero/storage/2011_cemc_08_csms_solutions.pdf}
}

@misc{2012Cemc01,
  title = {2012\_cemc\_01\_gauss-07.Pdf},
  file = {/Users/markolson/Dropbox/mho_zotero/storage/2012_cemc_01_gauss-07.pdf}
}

@misc{2012Cemc01a,
  title = {2012\_cemc\_01\_gauss-07\_solutions.Pdf},
  file = {/Users/markolson/Dropbox/mho_zotero/storage/2012_cemc_01_gauss-07_solutions.pdf}
}

@misc{2012Cemc02,
  title = {2012\_cemc\_02\_gauss-08\_solutions.Pdf},
  file = {/Users/markolson/Dropbox/mho_zotero/storage/2012_cemc_02_gauss-08_solutions.pdf}
}

@misc{2012Cemc02a,
  title = {2012\_cemc\_02\_gauss-08.Pdf},
  file = {/Users/markolson/Dropbox/mho_zotero/storage/2012_cemc_02_gauss-08.pdf}
}

@misc{2012Cemc03,
  title = {2012\_cemc\_03\_pascal-09.Pdf},
  file = {/Users/markolson/Dropbox/mho_zotero/storage/2012_cemc_03_pascal-09.pdf}
}

@misc{2012Cemc03a,
  title = {2012\_cemc\_03\_pascal-09\_solutions.Pdf},
  file = {/Users/markolson/Dropbox/mho_zotero/storage/2012_cemc_03_pascal-09_solutions.pdf}
}

@misc{2012Cemc03b,
  title = {2012\_cemc\_03\_fryer-09\_solutions.Pdf},
  file = {/Users/markolson/Dropbox/mho_zotero/storage/2012_cemc_03_fryer-09_solutions.pdf}
}

@misc{2012Cemc03c,
  title = {2012\_cemc\_03\_fryer-09.Pdf},
  file = {/Users/markolson/Dropbox/mho_zotero/storage/2012_cemc_03_fryer-09.pdf}
}

@misc{2012Cemc04,
  title = {2012\_cemc\_04\_galois-10.Pdf},
  file = {/Users/markolson/Dropbox/mho_zotero/storage/2012_cemc_04_galois-10.pdf}
}

@misc{2012Cemc04a,
  title = {2012\_cemc\_04\_galois-10\_solutions.Pdf},
  file = {/Users/markolson/Dropbox/mho_zotero/storage/2012_cemc_04_galois-10_solutions.pdf}
}

@misc{2012Cemc04b,
  title = {2012\_cemc\_04\_cayley-10\_solutions.Pdf},
  file = {/Users/markolson/Dropbox/mho_zotero/storage/2012_cemc_04_cayley-10_solutions.pdf}
}

@misc{2012Cemc04c,
  title = {2012\_cemc\_04\_cayley-10.Pdf},
  file = {/Users/markolson/Dropbox/mho_zotero/storage/2012_cemc_04_cayley-10.pdf}
}

@misc{2012Cemc05,
  title = {2012\_cemc\_05\_hypatia-11\_solutions.Pdf},
  file = {/Users/markolson/Dropbox/mho_zotero/storage/2012_cemc_05_hypatia-11_solutions.pdf}
}

@misc{2012Cemc05a,
  title = {2012\_cemc\_05\_hyptatia-11.Pdf},
  file = {/Users/markolson/Dropbox/mho_zotero/storage/2012_cemc_05_hyptatia-11.pdf}
}

@misc{2012Cemc05b,
  title = {2012\_cemc\_05\_fermat-11.Pdf},
  file = {/Users/markolson/Dropbox/mho_zotero/storage/2012_cemc_05_fermat-11.pdf}
}

@misc{2012Cemc05c,
  title = {2012\_cemc\_05\_fermat-11\_solutions.Pdf},
  file = {/Users/markolson/Dropbox/mho_zotero/storage/2012_cemc_05_fermat-11_solutions.pdf}
}

@misc{2012Cemc06,
  title = {2012\_cemc\_06\_euclid-12.Pdf},
  file = {/Users/markolson/Dropbox/mho_zotero/storage/2012_cemc_06_euclid-12.pdf}
}

@misc{2012Cemc06a,
  title = {2012\_cemc\_06\_euclid-12\_solutions.Pdf},
  file = {/Users/markolson/Dropbox/mho_zotero/storage/2012_cemc_06_euclid-12_solutions.pdf}
}

@misc{2012Cemc07,
  title = {2012\_cemc\_07\_cimc\_solutions.Pdf},
  file = {/Users/markolson/Dropbox/mho_zotero/storage/2012_cemc_07_cimc_solutions.pdf}
}

@misc{2012Cemc07a,
  title = {2012\_cemc\_07\_cimc.Pdf},
  file = {/Users/markolson/Dropbox/mho_zotero/storage/2012_cemc_07_cimc.pdf}
}

@misc{2012Cemc07b,
  title = {2012\_cemc\_07\_csms.Pdf},
  file = {/Users/markolson/Dropbox/mho_zotero/storage/2012_cemc_07_csms.pdf}
}

@misc{2012Cemc08,
  title = {2012\_cemc\_08\_csms\_solutions.Pdf},
  file = {/Users/markolson/Dropbox/mho_zotero/storage/2012_cemc_08_csms_solutions.pdf}
}

@misc{2013Cemc01,
  title = {2013\_cemc\_01\_gauss-07.Pdf},
  file = {/Users/markolson/Dropbox/mho_zotero/storage/2013_cemc_01_gauss-07.pdf}
}

@misc{2013Cemc01a,
  title = {2013\_cemc\_01\_gauss-07\_solutions.Pdf},
  file = {/Users/markolson/Dropbox/mho_zotero/storage/2013_cemc_01_gauss-07_solutions.pdf}
}

@misc{2013Cemc02,
  title = {2013\_cemc\_02\_gauss-08.Pdf},
  file = {/Users/markolson/Dropbox/mho_zotero/storage/2013_cemc_02_gauss-08.pdf}
}

@misc{2013Cemc02a,
  title = {2013\_cemc\_02\_gauss-08\_solutions.Pdf},
  file = {/Users/markolson/Dropbox/mho_zotero/storage/2013_cemc_02_gauss-08_solutions.pdf}
}

@misc{2013Cemc03,
  title = {2013\_cemc\_03\_pascal-09.Pdf},
  file = {/Users/markolson/Dropbox/mho_zotero/storage/2013_cemc_03_pascal-09.pdf}
}

@misc{2013Cemc03a,
  title = {2013\_cemc\_03\_pascal-09\_solutions.Pdf},
  file = {/Users/markolson/Dropbox/mho_zotero/storage/2013_cemc_03_pascal-09_solutions.pdf}
}

@misc{2013Cemc03b,
  title = {2013\_cemc\_03\_fryer-09.Pdf},
  file = {/Users/markolson/Dropbox/mho_zotero/storage/2013_cemc_03_fryer-09.pdf}
}

@misc{2013Cemc03c,
  title = {2013\_cemc\_03\_fryer-09\_solutions.Pdf},
  file = {/Users/markolson/Dropbox/mho_zotero/storage/2013_cemc_03_fryer-09_solutions.pdf}
}

@misc{2013Cemc04,
  title = {2013\_cemc\_04\_galois-10.Pdf},
  file = {/Users/markolson/Dropbox/mho_zotero/storage/2013_cemc_04_galois-10.pdf}
}

@misc{2013Cemc04a,
  title = {2013\_cemc\_04\_galois-10\_solutions.Pdf},
  file = {/Users/markolson/Dropbox/mho_zotero/storage/2013_cemc_04_galois-10_solutions.pdf}
}

@misc{2013Cemc04b,
  title = {2013\_cemc\_04\_cayley-10.Pdf},
  file = {/Users/markolson/Dropbox/mho_zotero/storage/2013_cemc_04_cayley-10.pdf}
}

@misc{2013Cemc04c,
  title = {2013\_cemc\_04\_cayley-10\_solutions.Pdf},
  file = {/Users/markolson/Dropbox/mho_zotero/storage/2013_cemc_04_cayley-10_solutions.pdf}
}

@misc{2013Cemc05,
  title = {2013\_cemc\_05\_hyptatia-11.Pdf},
  file = {/Users/markolson/Dropbox/mho_zotero/storage/2013_cemc_05_hyptatia-11.pdf}
}

@misc{2013Cemc05a,
  title = {2013\_cemc\_05\_hypatia-11\_solutions.Pdf},
  file = {/Users/markolson/Dropbox/mho_zotero/storage/2013_cemc_05_hypatia-11_solutions.pdf}
}

@misc{2013Cemc05b,
  title = {2013\_cemc\_05\_fermat-11.Pdf},
  file = {/Users/markolson/Dropbox/mho_zotero/storage/2013_cemc_05_fermat-11.pdf}
}

@misc{2013Cemc05c,
  title = {2013\_cemc\_05\_fermat-11\_solutions.Pdf},
  file = {/Users/markolson/Dropbox/mho_zotero/storage/2013_cemc_05_fermat-11_solutions.pdf}
}

@misc{2013Cemc06,
  title = {2013\_cemc\_06\_euclid-12.Pdf},
  file = {/Users/markolson/Dropbox/mho_zotero/storage/2013_cemc_06_euclid-12.pdf}
}

@misc{2013Cemc06a,
  title = {2013\_cemc\_06\_euclid-12\_solutions.Pdf},
  file = {/Users/markolson/Dropbox/mho_zotero/storage/2013_cemc_06_euclid-12_solutions.pdf}
}

@misc{2013Cemc07,
  title = {2013\_cemc\_07\_cimc.Pdf},
  file = {/Users/markolson/Dropbox/mho_zotero/storage/2013_cemc_07_cimc.pdf}
}

@misc{2013Cemc07a,
  title = {2013\_cemc\_07\_cimc\_solutions.Pdf},
  file = {/Users/markolson/Dropbox/mho_zotero/storage/2013_cemc_07_cimc_solutions.pdf}
}

@misc{2013Cemc07b,
  title = {2013\_cemc\_07\_csms.Pdf},
  file = {/Users/markolson/Dropbox/mho_zotero/storage/2013_cemc_07_csms.pdf}
}

@misc{2013Cemc08,
  title = {2013\_cemc\_08\_csms\_solutions.Pdf},
  file = {/Users/markolson/Dropbox/mho_zotero/storage/2013_cemc_08_csms_solutions.pdf}
}

@misc{2014Cemc01,
  title = {2014\_cemc\_01\_gauss-07.Pdf},
  file = {/Users/markolson/Dropbox/mho_zotero/storage/2014_cemc_01_gauss-07.pdf}
}

@misc{2014Cemc01a,
  title = {2014\_cemc\_01\_gauss-07\_solutions.Pdf},
  file = {/Users/markolson/Dropbox/mho_zotero/storage/2014_cemc_01_gauss-07_solutions.pdf}
}

@misc{2014Cemc02,
  title = {2014\_cemc\_02\_gauss-08.Pdf},
  file = {/Users/markolson/Dropbox/mho_zotero/storage/2014_cemc_02_gauss-08.pdf}
}

@misc{2014Cemc02a,
  title = {2014\_cemc\_02\_gauss-08\_solutions.Pdf},
  file = {/Users/markolson/Dropbox/mho_zotero/storage/2014_cemc_02_gauss-08_solutions.pdf}
}

@misc{2014Cemc03,
  title = {2014\_cemc\_03\_pascal-09.Pdf},
  file = {/Users/markolson/Dropbox/mho_zotero/storage/2014_cemc_03_pascal-09.pdf}
}

@misc{2014Cemc03a,
  title = {2014\_cemc\_03\_pascal-09\_solutions.Pdf},
  file = {/Users/markolson/Dropbox/mho_zotero/storage/2014_cemc_03_pascal-09_solutions.pdf}
}

@misc{2014Cemc03b,
  title = {2014\_cemc\_03\_fryer-09.Pdf},
  file = {/Users/markolson/Dropbox/mho_zotero/storage/2014_cemc_03_fryer-09.pdf}
}

@misc{2014Cemc03c,
  title = {2014\_cemc\_03\_fryer-09\_solutions.Pdf},
  file = {/Users/markolson/Dropbox/mho_zotero/storage/2014_cemc_03_fryer-09_solutions.pdf}
}

@misc{2014Cemc04,
  title = {2014\_cemc\_04\_galois-10.Pdf},
  file = {/Users/markolson/Dropbox/mho_zotero/storage/2014_cemc_04_galois-10.pdf}
}

@misc{2014Cemc04a,
  title = {2014\_cemc\_04\_galois-10\_solutions.Pdf},
  file = {/Users/markolson/Dropbox/mho_zotero/storage/2014_cemc_04_galois-10_solutions.pdf}
}

@misc{2014Cemc04b,
  title = {2014\_cemc\_04\_cayley-10.Pdf},
  file = {/Users/markolson/Dropbox/mho_zotero/storage/2014_cemc_04_cayley-10.pdf}
}

@misc{2014Cemc04c,
  title = {2014\_cemc\_04\_cayley-10\_solutions.Pdf},
  file = {/Users/markolson/Dropbox/mho_zotero/storage/2014_cemc_04_cayley-10_solutions.pdf}
}

@misc{2014Cemc05,
  title = {2014\_cemc\_05\_hyptatia-11.Pdf},
  file = {/Users/markolson/Dropbox/mho_zotero/storage/2014_cemc_05_hyptatia-11.pdf}
}

@misc{2014Cemc05a,
  title = {2014\_cemc\_05\_hypatia-11\_solutions.Pdf},
  file = {/Users/markolson/Dropbox/mho_zotero/storage/2014_cemc_05_hypatia-11_solutions.pdf}
}

@misc{2014Cemc05b,
  title = {2014\_cemc\_05\_fermat-11.Pdf},
  file = {/Users/markolson/Dropbox/mho_zotero/storage/2014_cemc_05_fermat-11.pdf}
}

@misc{2014Cemc05c,
  title = {2014\_cemc\_05\_fermat-11\_solutions.Pdf},
  file = {/Users/markolson/Dropbox/mho_zotero/storage/2014_cemc_05_fermat-11_solutions.pdf}
}

@misc{2014Cemc06,
  title = {2014\_cemc\_06\_euclid-12.Pdf},
  file = {/Users/markolson/Dropbox/mho_zotero/storage/2014_cemc_06_euclid-12.pdf}
}

@misc{2014Cemc06a,
  title = {2014\_cemc\_06\_euclid-12\_solutions.Pdf},
  file = {/Users/markolson/Dropbox/mho_zotero/storage/2014_cemc_06_euclid-12_solutions.pdf}
}

@misc{2014Cemc07,
  title = {2014\_cemc\_07\_cimc.Pdf},
  file = {/Users/markolson/Dropbox/mho_zotero/storage/2014_cemc_07_cimc.pdf}
}

@misc{2014Cemc07a,
  title = {2014\_cemc\_07\_cimc\_solutions.Pdf},
  file = {/Users/markolson/Dropbox/mho_zotero/storage/2014_cemc_07_cimc_solutions.pdf}
}

@misc{2014Cemc07b,
  title = {2014\_cemc\_07\_csms.Pdf},
  file = {/Users/markolson/Dropbox/mho_zotero/storage/2014_cemc_07_csms.pdf}
}

@misc{2014Cemc08,
  title = {2014\_cemc\_08\_csms\_solutions.Pdf},
  file = {/Users/markolson/Dropbox/mho_zotero/storage/2014_cemc_08_csms_solutions.pdf}
}

@misc{2015Cemc01,
  title = {2015\_cemc\_01\_gauss-07.Pdf},
  file = {/Users/markolson/Dropbox/mho_zotero/storage/2015_cemc_01_gauss-07.pdf}
}

@misc{2015Cemc01a,
  title = {2015\_cemc\_01\_gauss-07\_solutions.Pdf},
  file = {/Users/markolson/Dropbox/mho_zotero/storage/2015_cemc_01_gauss-07_solutions.pdf}
}

@misc{2015Cemc02,
  title = {2015\_cemc\_02\_gauss-08.Pdf},
  file = {/Users/markolson/Dropbox/mho_zotero/storage/2015_cemc_02_gauss-08.pdf}
}

@misc{2015Cemc02a,
  title = {2015\_cemc\_02\_gauss-08\_solutions.Pdf},
  file = {/Users/markolson/Dropbox/mho_zotero/storage/2015_cemc_02_gauss-08_solutions.pdf}
}

@misc{2015Cemc03,
  title = {2015\_cemc\_03\_pascal-09\_solutions.Pdf},
  file = {/Users/markolson/Dropbox/mho_zotero/storage/2015_cemc_03_pascal-09_solutions.pdf}
}

@misc{2015Cemc03a,
  title = {2015\_cemc\_03\_pascal-09.Pdf},
  file = {/Users/markolson/Dropbox/mho_zotero/storage/2015_cemc_03_pascal-09.pdf}
}

@misc{2015Cemc03b,
  title = {2015\_cemc\_03\_fryer-09.Pdf},
  file = {/Users/markolson/Dropbox/mho_zotero/storage/2015_cemc_03_fryer-09.pdf}
}

@misc{2015Cemc03c,
  title = {2015\_cemc\_03\_fryer-09\_solutions.Pdf},
  file = {/Users/markolson/Dropbox/mho_zotero/storage/2015_cemc_03_fryer-09_solutions.pdf}
}

@misc{2015Cemc04,
  title = {2015\_cemc\_04\_galois-10.Pdf},
  file = {/Users/markolson/Dropbox/mho_zotero/storage/2015_cemc_04_galois-10.pdf}
}

@misc{2015Cemc04a,
  title = {2015\_cemc\_04\_galois-10\_solutions.Pdf},
  file = {/Users/markolson/Dropbox/mho_zotero/storage/2015_cemc_04_galois-10_solutions.pdf}
}

@misc{2015Cemc04b,
  title = {2015\_cemc\_04\_cayley-10.Pdf},
  file = {/Users/markolson/Dropbox/mho_zotero/storage/2015_cemc_04_cayley-10.pdf}
}

@misc{2015Cemc04c,
  title = {2015\_cemc\_04\_cayley-10\_solutions.Pdf},
  file = {/Users/markolson/Dropbox/mho_zotero/storage/2015_cemc_04_cayley-10_solutions.pdf}
}

@misc{2015Cemc05,
  title = {2015\_cemc\_05\_hypatia-11\_solutions.Pdf},
  file = {/Users/markolson/Dropbox/mho_zotero/storage/2015_cemc_05_hypatia-11_solutions.pdf}
}

@misc{2015Cemc05a,
  title = {2015\_cemc\_05\_fermat-11.Pdf},
  file = {/Users/markolson/Dropbox/mho_zotero/storage/2015_cemc_05_fermat-11.pdf}
}

@misc{2015Cemc05b,
  title = {2015\_cemc\_05\_fermat-11\_solutions.Pdf},
  file = {/Users/markolson/Dropbox/mho_zotero/storage/2015_cemc_05_fermat-11_solutions.pdf}
}

@misc{2015Cemc05c,
  title = {2015\_cemc\_05\_hyptatia-11.Pdf},
  file = {/Users/markolson/Dropbox/mho_zotero/storage/2015_cemc_05_hyptatia-11.pdf}
}

@misc{2015Cemc06,
  title = {2015\_cemc\_06\_euclid-12.Pdf},
  file = {/Users/markolson/Dropbox/mho_zotero/storage/2015_cemc_06_euclid-12.pdf}
}

@misc{2015Cemc06a,
  title = {2015\_cemc\_06\_euclid-12\_solutions.Pdf},
  file = {/Users/markolson/Dropbox/mho_zotero/storage/2015_cemc_06_euclid-12_solutions.pdf}
}

@misc{2015Cemc07,
  title = {2015\_cemc\_07\_cimc.Pdf},
  file = {/Users/markolson/Dropbox/mho_zotero/storage/2015_cemc_07_cimc.pdf}
}

@misc{2015Cemc07a,
  title = {2015\_cemc\_07\_cimc\_solutions.Pdf},
  file = {/Users/markolson/Dropbox/mho_zotero/storage/2015_cemc_07_cimc_solutions.pdf}
}

@misc{2015Cemc07b,
  title = {2015\_cemc\_07\_csms.Pdf},
  file = {/Users/markolson/Dropbox/mho_zotero/storage/2015_cemc_07_csms.pdf}
}

@misc{2015Cemc08,
  title = {2015\_cemc\_08\_csms\_solutions.Pdf},
  file = {/Users/markolson/Dropbox/mho_zotero/storage/2015_cemc_08_csms_solutions.pdf}
}

@misc{2016Cemc01,
  title = {2016\_cemc\_01\_gauss-07.Pdf},
  file = {/Users/markolson/Dropbox/mho_zotero/storage/2016_cemc_01_gauss-07.pdf}
}

@misc{2016Cemc01a,
  title = {2016\_cemc\_01\_gauss-07\_solutions.Pdf},
  file = {/Users/markolson/Dropbox/mho_zotero/storage/2016_cemc_01_gauss-07_solutions.pdf}
}

@misc{2016Cemc02,
  title = {2016\_cemc\_02\_gauss-08.Pdf},
  file = {/Users/markolson/Dropbox/mho_zotero/storage/2016_cemc_02_gauss-08.pdf}
}

@misc{2016Cemc02a,
  title = {2016\_cemc\_02\_gauss-08\_solutions.Pdf},
  file = {/Users/markolson/Dropbox/mho_zotero/storage/2016_cemc_02_gauss-08_solutions.pdf}
}

@misc{2016Cemc03,
  title = {2016\_cemc\_03\_pascal-09.Pdf},
  file = {/Users/markolson/Dropbox/mho_zotero/storage/2016_cemc_03_pascal-09.pdf}
}

@misc{2016Cemc03a,
  title = {2016\_cemc\_03\_pascal-09\_solutions.Pdf},
  file = {/Users/markolson/Dropbox/mho_zotero/storage/2016_cemc_03_pascal-09_solutions.pdf}
}

@misc{2016Cemc03b,
  title = {2016\_cemc\_03\_fryer-09\_solutions.Pdf},
  file = {/Users/markolson/Dropbox/mho_zotero/storage/2016_cemc_03_fryer-09_solutions.pdf}
}

@misc{2016Cemc03c,
  title = {2016\_cemc\_03\_fryer-09.Pdf},
  file = {/Users/markolson/Dropbox/mho_zotero/storage/2016_cemc_03_fryer-09.pdf}
}

@misc{2016Cemc04,
  title = {2016\_cemc\_04\_galois-10.Pdf},
  file = {/Users/markolson/Dropbox/mho_zotero/storage/2016_cemc_04_galois-10.pdf}
}

@misc{2016Cemc04a,
  title = {2016\_cemc\_04\_galois-10\_solutions.Pdf},
  file = {/Users/markolson/Dropbox/mho_zotero/storage/2016_cemc_04_galois-10_solutions.pdf}
}

@misc{2016Cemc04b,
  title = {2016\_cemc\_04\_cayley-10.Pdf},
  file = {/Users/markolson/Dropbox/mho_zotero/storage/2016_cemc_04_cayley-10.pdf}
}

@misc{2016Cemc04c,
  title = {2016\_cemc\_04\_cayley-10\_solutions.Pdf},
  file = {/Users/markolson/Dropbox/mho_zotero/storage/2016_cemc_04_cayley-10_solutions.pdf}
}

@misc{2016Cemc05,
  title = {2016\_cemc\_05\_fermat-11\_solutions.Pdf},
  file = {/Users/markolson/Dropbox/mho_zotero/storage/2016_cemc_05_fermat-11_solutions.pdf}
}

@misc{2016Cemc05a,
  title = {2016\_cemc\_05\_fermat-11.Pdf},
  file = {/Users/markolson/Dropbox/mho_zotero/storage/2016_cemc_05_fermat-11.pdf}
}

@misc{2016Cemc05b,
  title = {2016\_cemc\_05\_hyptatia-11.Pdf},
  file = {/Users/markolson/Dropbox/mho_zotero/storage/2016_cemc_05_hyptatia-11.pdf}
}

@misc{2016Cemc05c,
  title = {2016\_cemc\_05\_hypatia-11\_solutions.Pdf},
  file = {/Users/markolson/Dropbox/mho_zotero/storage/2016_cemc_05_hypatia-11_solutions.pdf}
}

@misc{2016Cemc06,
  title = {2016\_cemc\_06\_euclid-12.Pdf},
  file = {/Users/markolson/Dropbox/mho_zotero/storage/2016_cemc_06_euclid-12.pdf}
}

@misc{2016Cemc06a,
  title = {2016\_cemc\_06\_euclid-12\_solutions.Pdf},
  file = {/Users/markolson/Dropbox/mho_zotero/storage/2016_cemc_06_euclid-12_solutions.pdf}
}

@misc{2017Cemc01,
  title = {2017\_cemc\_01\_gauss-07.Pdf},
  file = {/Users/markolson/Dropbox/mho_zotero/storage/2017_cemc_01_gauss-07.pdf}
}

@misc{2017Cemc01a,
  title = {2017\_cemc\_01\_gauss-07\_solutions.Pdf},
  file = {/Users/markolson/Dropbox/mho_zotero/storage/2017_cemc_01_gauss-07_solutions.pdf}
}

@misc{2017Cemc02,
  title = {2017\_cemc\_02\_gauss-08.Pdf},
  file = {/Users/markolson/Dropbox/mho_zotero/storage/2017_cemc_02_gauss-08.pdf}
}

@misc{2017Cemc02a,
  title = {2017\_cemc\_02\_gauss-08\_solutions.Pdf},
  file = {/Users/markolson/Dropbox/mho_zotero/storage/2017_cemc_02_gauss-08_solutions.pdf}
}

@misc{2017Cemc03,
  title = {2017\_cemc\_03\_pascal-09.Pdf},
  file = {/Users/markolson/Dropbox/mho_zotero/storage/2017_cemc_03_pascal-09.pdf}
}

@misc{2017Cemc03a,
  title = {2017\_cemc\_03\_pascal-09\_solutions.Pdf},
  file = {/Users/markolson/Dropbox/mho_zotero/storage/2017_cemc_03_pascal-09_solutions.pdf}
}

@misc{2017Cemc03b,
  title = {2017\_cemc\_03\_fryer-09.Pdf},
  file = {/Users/markolson/Dropbox/mho_zotero/storage/2017_cemc_03_fryer-09.pdf}
}

@misc{2017Cemc03c,
  title = {2017\_cemc\_03\_fryer-09\_solutions.Pdf},
  file = {/Users/markolson/Dropbox/mho_zotero/storage/2017_cemc_03_fryer-09_solutions.pdf}
}

@misc{2017Cemc04,
  title = {2017\_cemc\_04\_galois-10.Pdf},
  file = {/Users/markolson/Dropbox/mho_zotero/storage/2017_cemc_04_galois-10.pdf}
}

@misc{2017Cemc04a,
  title = {2017\_cemc\_04\_galois-10\_solutions.Pdf},
  file = {/Users/markolson/Dropbox/mho_zotero/storage/2017_cemc_04_galois-10_solutions.pdf}
}

@misc{2017Cemc05,
  title = {2017\_cemc\_05\_fermat-11.Pdf},
  file = {/Users/markolson/Dropbox/mho_zotero/storage/2017_cemc_05_fermat-11.pdf}
}

@misc{2017Cemc05a,
  title = {2017\_cemc\_05\_fermat-11\_solutions.Pdf},
  file = {/Users/markolson/Dropbox/mho_zotero/storage/2017_cemc_05_fermat-11_solutions.pdf}
}

@misc{2017Cemc05b,
  title = {2017\_cemc\_05\_hyptatia-11.Pdf},
  file = {/Users/markolson/Dropbox/mho_zotero/storage/2017_cemc_05_hyptatia-11.pdf}
}

@misc{2017Cemc05c,
  title = {2017\_cemc\_05\_hypatia-11\_solutions.Pdf},
  file = {/Users/markolson/Dropbox/mho_zotero/storage/2017_cemc_05_hypatia-11_solutions.pdf}
}

@misc{2017Cemc06,
  title = {2017\_cemc\_06\_euclid-12.Pdf},
  file = {/Users/markolson/Dropbox/mho_zotero/storage/2017_cemc_06_euclid-12.pdf}
}

@misc{2017Cemc06a,
  title = {2017\_cemc\_06\_euclid-12\_solutions.Pdf},
  file = {/Users/markolson/Dropbox/mho_zotero/storage/2017_cemc_06_euclid-12_solutions.pdf}
}

@misc{2017Cemc07,
  title = {2017\_cemc\_07\_cimc.Pdf},
  file = {/Users/markolson/Dropbox/mho_zotero/storage/2017_cemc_07_cimc.pdf}
}

@misc{2017Cemc07a,
  title = {2017\_cemc\_07\_cimc\_solutions.Pdf},
  file = {/Users/markolson/Dropbox/mho_zotero/storage/2017_cemc_07_cimc_solutions.pdf}
}

@misc{2017Cemc07b,
  title = {2017\_cemc\_07\_csms.Pdf},
  file = {/Users/markolson/Dropbox/mho_zotero/storage/2017_cemc_07_csms.pdf}
}

@misc{2017Cemc08,
  title = {2017\_cemc\_08\_csms\_solutions.Pdf},
  file = {/Users/markolson/Dropbox/mho_zotero/storage/2017_cemc_08_csms_solutions.pdf}
}

@misc{2018Cemc01,
  title = {2018\_cemc\_01\_gauss-07.Pdf},
  file = {/Users/markolson/Dropbox/mho_zotero/storage/2018_cemc_01_gauss-07.pdf}
}

@misc{2018Cemc01a,
  title = {2018\_cemc\_01\_gauss-07\_solutions.Pdf},
  file = {/Users/markolson/Dropbox/mho_zotero/storage/2018_cemc_01_gauss-07_solutions.pdf}
}

@misc{2018Cemc02,
  title = {2018\_cemc\_02\_gauss-08.Pdf},
  file = {/Users/markolson/Dropbox/mho_zotero/storage/2018_cemc_02_gauss-08.pdf}
}

@misc{2018Cemc02a,
  title = {2018\_cemc\_02\_gauss-08\_solutions.Pdf},
  file = {/Users/markolson/Dropbox/mho_zotero/storage/2018_cemc_02_gauss-08_solutions.pdf}
}

@misc{2018Cemc03,
  title = {2018\_cemc\_03\_pascal-09.Pdf},
  file = {/Users/markolson/Dropbox/mho_zotero/storage/2018_cemc_03_pascal-09.pdf}
}

@misc{2018Cemc03a,
  title = {2018\_cemc\_03\_pascal-09\_solutions.Pdf},
  file = {/Users/markolson/Dropbox/mho_zotero/storage/2018_cemc_03_pascal-09_solutions.pdf}
}

@misc{2018Cemc03b,
  title = {2018\_cemc\_03\_fryer-09\_solutions.Pdf},
  file = {/Users/markolson/Dropbox/mho_zotero/storage/2018_cemc_03_fryer-09_solutions.pdf}
}

@misc{2018Cemc03c,
  title = {2018\_cemc\_03\_fryer-09.Pdf},
  file = {/Users/markolson/Dropbox/mho_zotero/storage/2018_cemc_03_fryer-09.pdf}
}

@misc{2018Cemc04,
  title = {2018\_cemc\_04\_galois-10.Pdf},
  file = {/Users/markolson/Dropbox/mho_zotero/storage/2018_cemc_04_galois-10.pdf}
}

@misc{2018Cemc04a,
  title = {2018\_cemc\_04\_galois-10\_solutions.Pdf},
  file = {/Users/markolson/Dropbox/mho_zotero/storage/2018_cemc_04_galois-10_solutions.pdf}
}

@misc{2018Cemc05,
  title = {2018\_cemc\_05\_fermat-11.Pdf},
  file = {/Users/markolson/Dropbox/mho_zotero/storage/2018_cemc_05_fermat-11.pdf}
}

@misc{2018Cemc05a,
  title = {2018\_cemc\_05\_fermat-11\_solutions.Pdf},
  file = {/Users/markolson/Dropbox/mho_zotero/storage/2018_cemc_05_fermat-11_solutions.pdf}
}

@misc{2018Cemc05b,
  title = {2018\_cemc\_05\_hyptatia-11.Pdf},
  file = {/Users/markolson/Dropbox/mho_zotero/storage/2018_cemc_05_hyptatia-11.pdf}
}

@misc{2018Cemc05c,
  title = {2018\_cemc\_05\_hypatia-11\_solutions.Pdf},
  file = {/Users/markolson/Dropbox/mho_zotero/storage/2018_cemc_05_hypatia-11_solutions.pdf}
}

@misc{2018Cemc06,
  title = {2018\_cemc\_06\_euclid-12.Pdf},
  file = {/Users/markolson/Dropbox/mho_zotero/storage/2018_cemc_06_euclid-12.pdf}
}

@misc{2018Cemc06a,
  title = {2018\_cemc\_06\_euclid-12\_solutions.Pdf},
  file = {/Users/markolson/Dropbox/mho_zotero/storage/2018_cemc_06_euclid-12_solutions.pdf}
}

@misc{2018Cemc07,
  title = {2018\_cemc\_07\_cimc.Pdf},
  file = {/Users/markolson/Dropbox/mho_zotero/storage/2018_cemc_07_cimc.pdf}
}

@misc{2018Cemc07a,
  title = {2018\_cemc\_07\_cimc\_solutions.Pdf},
  file = {/Users/markolson/Dropbox/mho_zotero/storage/2018_cemc_07_cimc_solutions.pdf}
}

@misc{2018Cemc07b,
  title = {2018\_cemc\_07\_csms.Pdf},
  file = {/Users/markolson/Dropbox/mho_zotero/storage/2018_cemc_07_csms.pdf}
}

@misc{2018Cemc08,
  title = {2018\_cemc\_08\_csms\_solutions.Pdf},
  file = {/Users/markolson/Dropbox/mho_zotero/storage/2018_cemc_08_csms_solutions.pdf}
}

@misc{2019Cemc01,
  title = {2019\_cemc\_01\_gauss-07.Pdf},
  file = {/Users/markolson/Dropbox/mho_zotero/storage/2019_cemc_01_gauss-07.pdf}
}

@misc{2019Cemc01a,
  title = {2019\_cemc\_01\_gauss-07\_solutions.Pdf},
  file = {/Users/markolson/Dropbox/mho_zotero/storage/2019_cemc_01_gauss-07_solutions.pdf}
}

@misc{2019Cemc02,
  title = {2019\_cemc\_02\_gauss-08.Pdf},
  file = {/Users/markolson/Dropbox/mho_zotero/storage/2019_cemc_02_gauss-08.pdf}
}

@misc{2019Cemc02a,
  title = {2019\_cemc\_02\_gauss-08\_solutions.Pdf},
  file = {/Users/markolson/Dropbox/mho_zotero/storage/2019_cemc_02_gauss-08_solutions.pdf}
}

@misc{2019Cemc03,
  title = {2019\_cemc\_03\_pascal-09.Pdf},
  file = {/Users/markolson/Dropbox/mho_zotero/storage/2019_cemc_03_pascal-09.pdf}
}

@misc{2019Cemc03a,
  title = {2019\_cemc\_03\_pascal-09\_solutions.Pdf},
  file = {/Users/markolson/Dropbox/mho_zotero/storage/2019_cemc_03_pascal-09_solutions.pdf}
}

@misc{2019Cemc03b,
  title = {2019\_cemc\_03\_fryer-09.Pdf},
  file = {/Users/markolson/Dropbox/mho_zotero/storage/2019_cemc_03_fryer-09.pdf}
}

@misc{2019Cemc03c,
  title = {2019\_cemc\_03\_fryer-09\_solutions.Pdf},
  file = {/Users/markolson/Dropbox/mho_zotero/storage/2019_cemc_03_fryer-09_solutions.pdf}
}

@misc{2019Cemc04,
  title = {2019\_cemc\_04\_galois-10.Pdf},
  file = {/Users/markolson/Dropbox/mho_zotero/storage/2019_cemc_04_galois-10.pdf}
}

@misc{2019Cemc04a,
  title = {2019\_cemc\_04\_galois-10\_solutions.Pdf},
  file = {/Users/markolson/Dropbox/mho_zotero/storage/2019_cemc_04_galois-10_solutions.pdf}
}

@misc{2019Cemc05,
  title = {2019\_cemc\_05\_fermat-11.Pdf},
  file = {/Users/markolson/Dropbox/mho_zotero/storage/2019_cemc_05_fermat-11.pdf}
}

@misc{2019Cemc05a,
  title = {2019\_cemc\_05\_fermat-11\_solutions.Pdf},
  file = {/Users/markolson/Dropbox/mho_zotero/storage/2019_cemc_05_fermat-11_solutions.pdf}
}

@misc{2019Cemc05b,
  title = {2019\_cemc\_05\_hyptatia-11.Pdf},
  file = {/Users/markolson/Dropbox/mho_zotero/storage/2019_cemc_05_hyptatia-11.pdf}
}

@misc{2019Cemc05c,
  title = {2019\_cemc\_05\_hypatia-11\_solutions.Pdf},
  file = {/Users/markolson/Dropbox/mho_zotero/storage/2019_cemc_05_hypatia-11_solutions.pdf}
}

@misc{2019Cemc06,
  title = {2019\_cemc\_06\_euclid-12.Pdf},
  file = {/Users/markolson/Dropbox/mho_zotero/storage/2019_cemc_06_euclid-12.pdf}
}

@misc{2019Cemc06a,
  title = {2019\_cemc\_06\_euclid-12\_solutions.Pdf},
  file = {/Users/markolson/Dropbox/mho_zotero/storage/2019_cemc_06_euclid-12_solutions.pdf}
}

@misc{2019Cemc07,
  title = {2019\_cemc\_07\_cimc\_solutions.Pdf},
  file = {/Users/markolson/Dropbox/mho_zotero/storage/2019_cemc_07_cimc_solutions.pdf}
}

@misc{2019Cemc07a,
  title = {2019\_cemc\_07\_cimc.Pdf},
  file = {/Users/markolson/Dropbox/mho_zotero/storage/2019_cemc_07_cimc.pdf}
}

@misc{2019Cemc07b,
  title = {2019\_cemc\_07\_csms.Pdf},
  file = {/Users/markolson/Dropbox/mho_zotero/storage/2019_cemc_07_csms.pdf}
}

@misc{2019Cemc08,
  title = {2019\_cemc\_08\_csms\_solutions.Pdf},
  file = {/Users/markolson/Dropbox/mho_zotero/storage/2019_cemc_08_csms_solutions.pdf}
}

@misc{2020Cemc01,
  title = {2020\_cemc\_01\_gauss-07.Pdf},
  file = {/Users/markolson/Dropbox/mho_zotero/storage/2020_cemc_01_gauss-07.pdf}
}

@misc{2020Cemc01a,
  title = {2020\_cemc\_01\_gauss-07\_solutions.Pdf},
  file = {/Users/markolson/Dropbox/mho_zotero/storage/2020_cemc_01_gauss-07_solutions.pdf}
}

@misc{2020Cemc02,
  title = {2020\_cemc\_02\_csmc.Pdf},
  file = {/Users/markolson/Dropbox/mho_zotero/storage/2020_cemc_02_csmc.pdf}
}

@misc{2020Cemc02a,
  title = {2020\_cemc\_02\_csmc\_solutions.Pdf},
  file = {/Users/markolson/Dropbox/mho_zotero/storage/2020_cemc_02_csmc_solutions.pdf}
}

@misc{2020Cemc02b,
  title = {2020\_cemc\_02\_cimc.Pdf},
  file = {/Users/markolson/Dropbox/mho_zotero/storage/2020_cemc_02_cimc.pdf}
}

@misc{2020Cemc02c,
  title = {2020\_cemc\_02\_cimc\_solutions.Pdf},
  file = {/Users/markolson/Dropbox/mho_zotero/storage/2020_cemc_02_cimc_solutions.pdf}
}

@misc{2020Cemc02d,
  title = {2020\_cemc\_02\_gauss-08.Pdf},
  file = {/Users/markolson/Dropbox/mho_zotero/storage/2020_cemc_02_gauss-08.pdf}
}

@misc{2020Cemc02e,
  title = {2020\_cemc\_02\_gauss-08\_solutions.Pdf},
  file = {/Users/markolson/Dropbox/mho_zotero/storage/2020_cemc_02_gauss-08_solutions.pdf}
}

@misc{2020Cemc03,
  title = {2020\_cemc\_03\_pascal-09.Pdf},
  file = {/Users/markolson/Dropbox/mho_zotero/storage/2020_cemc_03_pascal-09.pdf}
}

@misc{2020Cemc03a,
  title = {2020\_cemc\_03\_pascal-09\_solutions.Pdf},
  file = {/Users/markolson/Dropbox/mho_zotero/storage/2020_cemc_03_pascal-09_solutions.pdf}
}

@misc{2020Cemc03b,
  title = {2020\_cemc\_03\_fryer-09.Pdf},
  file = {/Users/markolson/Dropbox/mho_zotero/storage/2020_cemc_03_fryer-09.pdf}
}

@misc{2020Cemc03c,
  title = {2020\_cemc\_03\_fryer-09\_solutions.Pdf},
  file = {/Users/markolson/Dropbox/mho_zotero/storage/2020_cemc_03_fryer-09_solutions.pdf}
}

@misc{2020Cemc04,
  title = {2020\_cemc\_04\_galois-10.Pdf},
  file = {/Users/markolson/Dropbox/mho_zotero/storage/2020_cemc_04_galois-10.pdf}
}

@misc{2020Cemc04a,
  title = {2020\_cemc\_04\_galois-10\_solutions.Pdf},
  file = {/Users/markolson/Dropbox/mho_zotero/storage/2020_cemc_04_galois-10_solutions.pdf}
}

@misc{2020Cemc05,
  title = {2020\_cemc\_05\_fermat-11.Pdf},
  file = {/Users/markolson/Dropbox/mho_zotero/storage/2020_cemc_05_fermat-11.pdf}
}

@misc{2020Cemc05a,
  title = {2020\_cemc\_05\_fermat-11\_solutions.Pdf},
  file = {/Users/markolson/Dropbox/mho_zotero/storage/2020_cemc_05_fermat-11_solutions.pdf}
}

@misc{2020Cemc05b,
  title = {2020\_cemc\_05\_hypatia-11.Pdf},
  file = {/Users/markolson/Dropbox/mho_zotero/storage/2020_cemc_05_hypatia-11.pdf}
}

@misc{2020Cemc05c,
  title = {2020\_cemc\_05\_hypatia-11\_solutions.Pdf},
  file = {/Users/markolson/Dropbox/mho_zotero/storage/2020_cemc_05_hypatia-11_solutions.pdf}
}

@misc{2020Cemc06,
  title = {2020\_cemc\_06\_euclid-12.Pdf},
  file = {/Users/markolson/Dropbox/mho_zotero/storage/2020_cemc_06_euclid-12.pdf}
}

@misc{2020Cemc06a,
  title = {2020\_cemc\_06\_euclid-12\_solutions.Pdf},
  file = {/Users/markolson/Dropbox/mho_zotero/storage/2020_cemc_06_euclid-12_solutions.pdf}
}

@misc{2021Cemc01,
  title = {2021\_cemc\_01\_gauss-07.Pdf},
  file = {/Users/markolson/Dropbox/mho_zotero/storage/2021_cemc_01_gauss-07.pdf}
}

@misc{2021Cemc01a,
  title = {2021\_cemc\_01\_gauss-07\_solutions.Pdf},
  file = {/Users/markolson/Dropbox/mho_zotero/storage/2021_cemc_01_gauss-07_solutions.pdf}
}

@misc{2021Cemc02,
  title = {2021\_cemc\_02\_csmc.Pdf},
  file = {/Users/markolson/Dropbox/mho_zotero/storage/2021_cemc_02_csmc.pdf}
}

@misc{2021Cemc02a,
  title = {2021\_cemc\_02\_csmc\_solutions.Pdf},
  file = {/Users/markolson/Dropbox/mho_zotero/storage/2021_cemc_02_csmc_solutions.pdf}
}

@misc{2021Cemc02b,
  title = {2021\_cemc\_02\_cimc\_solutions.Pdf},
  file = {/Users/markolson/Dropbox/mho_zotero/storage/2021_cemc_02_cimc_solutions.pdf}
}

@misc{2021Cemc02c,
  title = {2021\_cemc\_02\_cimc.Pdf},
  file = {/Users/markolson/Dropbox/mho_zotero/storage/2021_cemc_02_cimc.pdf}
}

@misc{2021Cemc02d,
  title = {2021\_cemc\_02\_gauss-08.Pdf},
  file = {/Users/markolson/Dropbox/mho_zotero/storage/2021_cemc_02_gauss-08.pdf}
}

@misc{2021Cemc02e,
  title = {2021\_cemc\_02\_gauss\_08\_solutions.Pdf},
  file = {/Users/markolson/Dropbox/mho_zotero/storage/2021_cemc_02_gauss_08_solutions.pdf}
}

@misc{2021Cemc03,
  title = {2021\_cemc\_03\_pascal-09.Pdf},
  file = {/Users/markolson/Dropbox/mho_zotero/storage/2021_cemc_03_pascal-09.pdf}
}

@misc{2021Cemc03a,
  title = {2021\_cemc\_03\_pascal-09\_solutions.Pdf},
  file = {/Users/markolson/Dropbox/mho_zotero/storage/2021_cemc_03_pascal-09_solutions.pdf}
}

@misc{2021Cemc03b,
  title = {2021\_cemc\_03\_fryer-09.Pdf},
  file = {/Users/markolson/Dropbox/mho_zotero/storage/2021_cemc_03_fryer-09.pdf}
}

@misc{2021Cemc03c,
  title = {2021\_cemc\_03\_fryer-09\_solutions.Pdf},
  file = {/Users/markolson/Dropbox/mho_zotero/storage/2021_cemc_03_fryer-09_solutions.pdf}
}

@misc{2021Cemc04,
  title = {2021\_cemc\_04\_galois-10.Pdf},
  file = {/Users/markolson/Dropbox/mho_zotero/storage/2021_cemc_04_galois-10.pdf}
}

@misc{2021Cemc04a,
  title = {2021\_cemc\_04\_galois-10\_solutions.Pdf},
  file = {/Users/markolson/Dropbox/mho_zotero/storage/2021_cemc_04_galois-10_solutions.pdf}
}

@misc{2021Cemc05,
  title = {2021\_cemc\_05\_fermat-11\_solutions.Pdf},
  file = {/Users/markolson/Dropbox/mho_zotero/storage/2021_cemc_05_fermat-11_solutions.pdf}
}

@misc{2021Cemc05a,
  title = {2021\_cemc\_05\_fermat-11.Pdf},
  file = {/Users/markolson/Dropbox/mho_zotero/storage/2021_cemc_05_fermat-11.pdf}
}

@misc{2021Cemc05b,
  title = {2021\_cemc\_05\_hypatia-11\_solutions.Pdf},
  file = {/Users/markolson/Dropbox/mho_zotero/storage/2021_cemc_05_hypatia-11_solutions.pdf}
}

@misc{2021Cemc05c,
  title = {2021\_cemc\_05\_hypatia-11.Pdf},
  file = {/Users/markolson/Dropbox/mho_zotero/storage/2021_cemc_05_hypatia-11.pdf}
}

@misc{2021Cemc06,
  title = {2021\_cemc\_06\_euclid-12.Pdf},
  file = {/Users/markolson/Dropbox/mho_zotero/storage/2021_cemc_06_euclid-12.pdf}
}

@misc{2021Cemc06a,
  title = {2021\_cemc\_06\_euclid-12\_solutions.Pdf},
  file = {/Users/markolson/Dropbox/mho_zotero/storage/2021_cemc_06_euclid-12_solutions.pdf}
}

@misc{2022Cemc01,
  title = {2022\_cemc\_01\_gauss-07.Pdf},
  file = {/Users/markolson/Dropbox/mho_zotero/storage/2022_cemc_01_gauss-07.pdf}
}

@misc{2022Cemc01a,
  title = {2022\_cemc\_01\_gauss-07\_solutions.Pdf},
  file = {/Users/markolson/Dropbox/mho_zotero/storage/2022_cemc_01_gauss-07_solutions.pdf}
}

@misc{2022Cemc02,
  title = {2022\_cemc\_02\_gauss-08.Pdf},
  file = {/Users/markolson/Dropbox/mho_zotero/storage/2022_cemc_02_gauss-08.pdf}
}

@misc{2022Cemc02a,
  title = {2022\_cemc\_02\_gauss-08\_solutions.Pdf},
  file = {/Users/markolson/Dropbox/mho_zotero/storage/2022_cemc_02_gauss-08_solutions.pdf}
}

@misc{2022Cemc03,
  title = {2022\_cemc\_03\_pascal-09.Pdf},
  file = {/Users/markolson/Dropbox/mho_zotero/storage/2022_cemc_03_pascal-09.pdf}
}

@misc{2022Cemc03a,
  title = {2022\_cemc\_03\_pascal-09\_solutions.Pdf},
  file = {/Users/markolson/Dropbox/mho_zotero/storage/2022_cemc_03_pascal-09_solutions.pdf}
}

@misc{2022Cemc03b,
  title = {2022\_cemc\_03\_fryer-09.Pdf},
  file = {/Users/markolson/Dropbox/mho_zotero/storage/2022_cemc_03_fryer-09.pdf}
}

@misc{2022Cemc03c,
  title = {2022\_cemc\_03\_fryer-09\_solutions.Pdf},
  file = {/Users/markolson/Dropbox/mho_zotero/storage/2022_cemc_03_fryer-09_solutions.pdf}
}

@misc{2022Cemc04,
  title = {2022\_cemc\_04\_galois-10.Pdf},
  file = {/Users/markolson/Dropbox/mho_zotero/storage/2022_cemc_04_galois-10.pdf}
}

@misc{2022Cemc04a,
  title = {2022\_cemc\_04\_galois-10\_solutions.Pdf},
  file = {/Users/markolson/Dropbox/mho_zotero/storage/2022_cemc_04_galois-10_solutions.pdf}
}

@misc{2022Cemc05,
  title = {2022\_cemc\_05\_fermat-11.Pdf},
  file = {/Users/markolson/Dropbox/mho_zotero/storage/2022_cemc_05_fermat-11.pdf}
}

@misc{2022Cemc05a,
  title = {2022\_cemc\_05\_fermat-11\_solutions.Pdf},
  file = {/Users/markolson/Dropbox/mho_zotero/storage/2022_cemc_05_fermat-11_solutions.pdf}
}

@misc{2022Cemc05b,
  title = {2022\_cemc\_05\_hypatia-11.Pdf},
  file = {/Users/markolson/Dropbox/mho_zotero/storage/2022_cemc_05_hypatia-11.pdf}
}

@misc{2022Cemc05c,
  title = {2022\_cemc\_05\_hypatia-11\_solutions.Pdf},
  file = {/Users/markolson/Dropbox/mho_zotero/storage/2022_cemc_05_hypatia-11_solutions.pdf}
}

@misc{2022Cemc06,
  title = {2022\_cemc\_06\_euclid-12.Pdf},
  file = {/Users/markolson/Dropbox/mho_zotero/storage/2022_cemc_06_euclid-12.pdf}
}

@misc{2022Cemc06a,
  title = {2022\_cemc\_06\_euclid-12\_solutions.Pdf},
  file = {/Users/markolson/Dropbox/mho_zotero/storage/2022_cemc_06_euclid-12_solutions.pdf}
}

@article{al-safiRandomisingAssignmentsSageTex2016,
  title = {Randomising Assignments with {{SageTex}}},
  author = {Al-Safi, Sabri},
  date = {2016-03},
  journaltitle = {TUGboat},
  volume = {37},
  file = {/Users/markolson/Dropbox/mho_zotero/storage/al-safi-randomising_assignments_with_sagetex.pdf}
}

@book{alfredssonMatematik5000Kurs1b2021,
  title = {Matematik 5000+ Kurs 1b Lärobok Digital.},
  shorttitle = {Matematik 5000+ Kurs 1b L?},
  author = {Alfredsson, Lena and Heikne, Hans},
  date = {2021},
  isbn = {978-91-27-45820-8},
  langid = {swedish},
  annotation = {OCLC: 1251871262},
  file = {/Users/markolson/Dropbox/mho_zotero/storage/alfredsson_et_al-matematik_5000+_kurs_1b_lärobok_digital-2021.pdf;/Users/markolson/Library/Mobile Documents/com~apple~CloudDocs/Zotero/storage/alfredsson_et_al-matematik_5000+_kurs_1b_lärobok_digital-22.pdf}
}

@book{alfredssonMatematik5000Kurs1c2021,
  title = {Matematik 5000+ Kurs 1c Lärobok Digital.},
  shorttitle = {Matematik 5000+ Kurs 1c},
  author = {Alfredsson, Lena and Heikne, Hans and Bodemyr, Sanna},
  date = {2021},
  isbn = {978-91-27-46105-5},
  langid = {swedish},
  annotation = {OCLC: 1256718991},
  file = {/Users/markolson/Dropbox/mho_zotero/storage/alfredsson_et_al-matematik_5000+_kurs_1c_lärobok_digital-2021-ans.pdf;/Users/markolson/Dropbox/mho_zotero/storage/alfredsson_et_al-matematik_5000+_kurs_1c_lärobok_digital-2021.pdf}
}

@book{alfredssonMatematik5000Kurs2b2012,
  title = {Matematik 5000 Kurs 2b Grön Lärobok},
  author = {Alfredsson, Lena and Bråtning, Kajsa and Erixon, Patrik and Heikne, Hans},
  date = {2012},
  series = {Matematik 5000},
  abstract = {häftad, 2012. Köp boken Matematik 5000 Kurs 2b Grön Lärobok av Lena Alfredsson, Kajsa Bråting, Patrik Erixon, Hans Heikne (ISBN 9789127423640) hos Adlibris. Fraktfritt över 229 kr Alltid bra priser och snabb leverans. | Adlibris},
  isbn = {978-91-27-42364-0},
  langid = {swedish},
  pagetotal = {324}
}

@book{alfredssonMatematik5000Kurs2c2022,
  title = {Matematik 5000+ Kurs 2c Lärobok Digital.},
  shorttitle = {Matematik 5000+ Kurs 2c L?},
  author = {Alfredsson, Lena and Heikne, Hans and Bodemyr, Sanna},
  date = {2022},
  isbn = {978-91-27-46178-9},
  langid = {swedish},
  annotation = {OCLC: 1281949330},
  file = {/Users/markolson/Dropbox/mho_zotero/storage/alfredsson_et_al-matematik_5000+_kurs_2c_lärobok_digital-ans.pdf;/Users/markolson/Dropbox/mho_zotero/storage/alfredsson_et_al-matematik_5000+_kurs_2c_lärobok_digital.pdf}
}

@book{alfredssonMatematik5000Kurs3c2019,
  title = {Matematik 5000+ Kurs 3c Lärobok Digital.},
  shorttitle = {Matematik 5000+ Kurs 3c},
  author = {Alfredsson, Lena and Bodemyr, Sanna and Heikne, Hans},
  date = {2019},
  isbn = {978-91-27-45772-0},
  langid = {swedish},
  annotation = {OCLC: 1114614032},
  file = {/Users/markolson/Dropbox/mho_zotero/storage/alfredsson_et_al-matematik_5000+_kurs_3c_lärobok_digital-2019 (answers).pdf;/Users/markolson/Dropbox/mho_zotero/storage/alfredsson_et_al-matematik_5000+_kurs_3c_lärobok_digital-2019.pdf}
}

@book{alfredssonMatematik5000Kurs42020,
  title = {Matematik 5000+ Kurs 4 Lärobok Digital.},
  shorttitle = {Matematik 5000+ Kurs 4 L?},
  author = {Alfredsson, Lena and Bodemyr, Sanna and Heikne, Hans},
  date = {2020},
  isbn = {978-91-27-45824-6},
  langid = {swedish},
  annotation = {OCLC: 1190769920}
}

@misc{AmnesplanMatematikPdf,
  title = {Ämnesplan\_matematik.Pdf},
  file = {/Users/markolson/Dropbox/mho_zotero/storage/ämnesplan_matematik.pdf}
}

@misc{AreaCircleProof2004,
  title = {Area of a {{Circle Proof}}},
  date = {2004-11-19},
  file = {/Users/markolson/Dropbox/mho_zotero/storage/area_of_a_circle_proof.pdf}
}

@book{attwoodCoreMathematicsEdexcel2008,
  title = {Core Mathematics 2 {{Edexcel AS}} and {{A}} Level Modular Mathematics},
  shorttitle = {Edexcel {{AS}} and {{A}} Level Modular Mathematics},
  author = {Attwood, Greg and Pledger, Keith},
  date = {2008},
  publisher = {{Pearson}},
  location = {{Essex, UK}},
  editora = {Edexcel (Organization) and Edexcel (Organization)},
  editoratype = {collaborator},
  isbn = {978-0-435-51911-7 978-0-435-51910-0 978-0-435-51909-4 978-0-435-51907-0 978-0-435-51926-1 978-0-435-51927-8 978-0-435-51928-5 978-0-435-51929-2},
  langid = {english},
  pagetotal = {8},
  file = {/Users/markolson/Dropbox/mho_zotero/storage/attwood_et_al-core_mathematics_2_edexcel_as_and_a_level_modular_mathematics-2008.pdf}
}

@book{attwoodCoreMathematicsEdexcel2008a,
  title = {Core {{Mathematics}} 1 {{Edexcel AS}} and {{A}} Level Modular Mathematics},
  shorttitle = {Edexcel {{AS}} and {{A}} Level Modular Mathematics},
  author = {Attwood, Greg and Pledger, Keith},
  date = {2008},
  publisher = {{Pearson}},
  location = {{Essex, UK}},
  editora = {Edexcel (Organization) and Edexcel (Organization)},
  editoratype = {collaborator},
  isbn = {978-0-435-51910-0 978-0-435-51911-7 978-0-435-51909-4 978-0-435-51907-0 978-0-435-51926-1 978-0-435-51927-8 978-0-435-51928-5 978-0-435-51929-2},
  langid = {english},
  pagetotal = {8},
  file = {/Users/markolson/Dropbox/mho_zotero/storage/attwood_et_al-core_mathematics_1_edexcel_as_and_a_level_modular_mathematics-2008.pdf}
}

@book{awadaMathematicsAnalysisApproaches2019,
  title = {Mathematics: Analysis and Approaches. {{Standard}} Level. {{Course}} Companion},
  shorttitle = {Mathematics},
  author = {Awada, Natasha},
  date = {2019},
  series = {Oxford {{IB}} Diploma Programme},
  publisher = {{Oxford University Press}},
  location = {{Oxford, United Kingdom}},
  isbn = {978-0-19-842711-7 978-0-19-842710-0},
  pagetotal = {725},
  keywords = {Mathematics},
  annotation = {OCLC: on1084354192}
}

@book{beazleyPythonCookbook2013,
  title = {Python Cookbook},
  author = {Beazley, David M. and Jones, Brian K.},
  date = {2013},
  edition = {Third edition},
  publisher = {{O'Reilly}},
  location = {{Sebastopol, CA}},
  isbn = {978-1-4493-4037-7},
  langid = {english},
  pagetotal = {687},
  keywords = {Python (Computer program language)},
  annotation = {OCLC: ocn826659391},
  file = {/Users/markolson/Dropbox/mho_zotero/storage/beazley_et_al-python_cookbook-2013.pdf}
}

@misc{blanco-silvaCourseNotesNonLinear,
  title = {Course {{Notes}} for {{Non-Linear Optimization}}},
  author = {Blanco-Silva, Francisco},
  file = {/Users/markolson/Dropbox/mho_zotero/storage/blanco-silva-course_notes_for_non-linear_optimization.pdf}
}

@article{bujackNonRiemannianNaturePerceptual2022,
  title = {The Non-{{Riemannian}} Nature of Perceptual Color Space},
  author = {Bujack, Roxana and Teti, Emily and Miller, Jonah and Caffrey, Elektra and Turton, Terece L.},
  date = {2022-05-03},
  journaltitle = {Proceedings of the National Academy of Sciences},
  volume = {119},
  number = {18},
  pages = {e2119753119},
  doi = {10.1073/pnas.2119753119},
  url = {https://www.pnas.org/doi/abs/10.1073/pnas.2119753119},
  urldate = {2022-08-13},
  abstract = {The scientific community generally agrees on the theory, introduced by Riemann and furthered by Helmholtz and Schrödinger, that perceived color spa...},
  langid = {english},
  keywords = {mathematics}
}

@article{cerrattopargmanAutomationComingExploring2022,
  title = {Automation {{Is Coming}}! {{Exploring Future}}(s)-{{Oriented Methods}} in {{Education}}},
  author = {Cerratto Pargman, Teresa and Lindberg, Ylva and Buch, Anders},
  date = {2022-11-05},
  journaltitle = {Postdigital Science and Education},
  shortjournal = {Postdigit Sci Educ},
  issn = {2524-485X, 2524-4868},
  doi = {10.1007/s42438-022-00349-6},
  url = {https://link.springer.com/10.1007/s42438-022-00349-6},
  urldate = {2022-11-24},
  abstract = {Abstract             Emerging automated-decision making (ADM) technologies invite scholars to engage with future points in time and contexts that have not yet arisen. This particular state of not knowing yet implies the methodological challenge of examining images of the future and how such images will materialize in practice. In this respect, we ask the following: what are appropriate research methods for studying emerging ADM technologies in education? How do researchers explore sociotechnical practices that are in the making? Guided by these questions, we investigate the increasing adoption of ADM in teachers’ assessment practices. This constitutes a case in point for reflecting on the research methods applied to address the future of assessment in education. In this context, we distinguish between representational methods oriented to recounting past experiences and future(s)~methods oriented to making futures. Studying the literature on speculative methods in digital education, we illustrate four categories of future(s)-oriented methods and reflect on their characteristics through a backcasting workshop conducted with teachers. We conclude by discussing the need to reconsider the methodological choices made for studying emerging technologies in critical assessment practices and generate new knowledge on methods able to contribute to alternative imaginaries of automation in education.},
  langid = {english},
  file = {/Users/markolson/Dropbox/mho_zotero/storage/cerratto_pargman_et_al-automation_is_coming.pdf}
}

@book{clemensWorkbookTwoDimensional2020,
  title = {Workbook of {{Two Dimensional Geometry}}},
  author = {Clemens, C.Herbert and Snapp, Bart},
  date = {2020-11-17},
  file = {/Users/markolson/Dropbox/mho_zotero/storage/clemens_et_al-workbook_of_two_dimensional_geometry.pdf}
}

@article{cochraneALGEBRAICSYSTEMSFALL2012,
  title = {{{ALGEBRAIC SYSTEMS}}, {{FALL}} 2012},
  author = {Cochrane, Todd},
  date = {2012},
  journaltitle = {ALGEBRAIC SYSTEMS},
  pages = {31},
  langid = {english},
  file = {/Users/markolson/Dropbox/mho_zotero/storage/cochrane-algebraic_systems,_fall_2012-2012.pdf}
}

@inreference{CollatzConjecture2022,
  title = {Collatz Conjecture},
  booktitle = {Wikipedia},
  date = {2022-01-01T17:02:56Z},
  url = {https://en.wikipedia.org/w/index.php?title=Collatz_conjecture&oldid=1063167804},
  urldate = {2022-01-02},
  abstract = {The Collatz conjecture in mathematics asks whether repeating certain simple arithmetic operations will eventually transform every positive integer into one. It  concerns sequences of integers in which each term is obtained from the previous term as follows: if the previous term is even, the next term is one half of the previous term. If the previous term is odd, the next term is 3 times the previous term plus 1. The conjecture is that these sequences always reach 1, no matter which positive integer is chosen to start the sequence. The conjecture is named after Lothar Collatz, who introduced the idea in 1937, two years after receiving his doctorate.  It is also known as the 3n + 1 problem, the 3n + 1 conjecture, the Ulam conjecture (after Stanisław Ulam), Kakutani's problem (after Shizuo Kakutani), the Thwaites conjecture (after Sir Bryan Thwaites), Hasse's algorithm (after Helmut Hasse), or the Syracuse problem.  The sequence of numbers involved is sometimes referred to as the hailstone sequence or hailstone numbers (because the values are usually subject to multiple descents and ascents like hailstones in a cloud), or as wondrous numbers.Paul Erdős said about the Collatz conjecture: "Mathematics may not be ready for such problems." He also offered US\$500 for its solution. Jeffrey Lagarias stated in 2010 that the Collatz conjecture "is an extraordinarily difficult problem, completely out of reach of present day mathematics."},
  langid = {english},
  annotation = {Page Version ID: 1063167804}
}

@misc{CoreSubjectTaxonomy2005,
  title = {Core {{Subject Taxonomy}} for {{Mathematical Sciences Education}}},
  date = {2005-05-09},
  url = {http://people.uncw.edu/hermanr/MathTax/},
  langid = {english},
  file = {/Users/markolson/Dropbox/mho_zotero/storage/core_subject_taxonomy_for_mathematical_sciences_education.pdf}
}

@article{corralElementaryCalculus2015,
  title = {Elementary {{Calculus}}},
  author = {Corral, Michael},
  date = {2015},
  pages = {174},
  langid = {english},
  file = {/Users/markolson/Dropbox/mho_zotero/storage/corral-elementary_calculus-2015.pdf}
}

@book{corralTrigonometry2009,
  title = {Trigonometry},
  author = {Corral, Michael},
  date = {2009},
  file = {/Users/markolson/Dropbox/mho_zotero/storage/corral-trigonometry-2009.pdf}
}

@book{crowellBriefCalculus2005,
  title = {Brief {{Calculus}}},
  author = {Crowell, Benjamin},
  date = {2005-11},
  edition = {2015},
  publisher = {{Light and Matter}},
  abstract = {This is a short introductory calculus text, focusing mainly on integration and differentiation of functions of a single variable, although iterated integrals are discussed. Infinitesimals are used when appropriate, and are treated more rigorously than in old books like Thompson's Calculus Made Easy, but in less detail than in Keisler's Elementary Calculus: An Approach Using Infinitesimals. Numerical examples are given using the open-source computer algebra system Yacas, and Yacas is also used sometimes to cut down on the drudgery of symbolic techniques such as partial fractions.},
  langid = {english},
  pagetotal = {207},
  file = {/Users/markolson/Dropbox/mho_zotero/storage/crowell-brief_calculus-2005.pdf}
}

@book{crowellFundamentalsCalculus2019,
  title = {Fundamentals {{Of Calculus}}},
  author = {Crowell, Benjamin},
  date = {2019-11-28},
  publisher = {{Light and Matter}},
  file = {/Users/markolson/Dropbox/mho_zotero/storage/crowell-fundamentals_of_calculus.pdf}
}

@online{CTANPackageAmsmath2020,
  title = {{{CTAN}}: {{Package}} Amsmath},
  date = {2020-02-18},
  url = {https://www.ctan.org/pkg/amsmath},
  urldate = {2021-07-05},
  keywords = {TeX}
}

@online{CTANPackageAmsthm,
  title = {{{CTAN}}: {{Package}} Amsthm},
  url = {https://www.ctan.org/pkg/amsthm},
  urldate = {2021-07-05},
  keywords = {TeX}
}

@online{CTANPackageBeamer,
  title = {{{CTAN}}: {{Package}} Beamer},
  url = {https://www.ctan.org/pkg/beamer},
  urldate = {2021-07-05},
  keywords = {TeX}
}

@online{CTANPackageBibLaTeX,
  title = {{{CTAN}}: {{Package BibLaTeX}}},
  url = {https://www.ctan.org/pkg/biblatex},
  urldate = {2021-07-05},
  keywords = {TeX}
}

@online{CTANPackageBooktabs,
  title = {{{CTAN}}: {{Package}} Booktabs},
  url = {https://www.ctan.org/pkg/booktabs},
  urldate = {2021-07-05}
}

@online{CTANPackageCalc,
  title = {{{CTAN}}: {{Package}} Calc},
  url = {https://www.ctan.org/pkg/calc},
  urldate = {2021-07-05}
}

@online{CTANPackageCancel,
  title = {{{CTAN}}: {{Package}} Cancel},
  url = {https://www.ctan.org/pkg/cancel},
  urldate = {2021-07-05}
}

@online{CTANPackageCases,
  title = {{{CTAN}}: {{Package}} Cases},
  url = {https://www.ctan.org/pkg/cases},
  urldate = {2021-07-05}
}

@online{CTANPackageCleveref,
  title = {{{CTAN}}: {{Package}} Cleveref},
  url = {https://www.ctan.org/pkg/cleveref},
  urldate = {2021-07-05}
}

@online{CTANPackageCsquotes,
  title = {{{CTAN}}: {{Package}} Csquotes},
  url = {https://ctan.org/pkg/csquotes},
  urldate = {2021-07-08},
  keywords = {TeX}
}

@online{CTANPackageDerivative,
  title = {{{CTAN}}: {{Package}} Derivative},
  url = {https://www.ctan.org/pkg/derivative},
  urldate = {2021-07-05}
}

@online{CTANPackageDiffcoeff,
  title = {{{CTAN}}: {{Package}} Diffcoeff},
  url = {https://www.ctan.org/pkg/diffcoeff},
  urldate = {2021-07-05}
}

@online{CTANPackageDirtree,
  title = {{{CTAN}}: {{Package}} Dirtree},
  url = {https://www.ctan.org/pkg/dirtree},
  urldate = {2021-07-05}
}

@online{CTANPackageEnumerate,
  title = {{{CTAN}}: {{Package}} Enumerate},
  url = {https://www.ctan.org/pkg/enumerate},
  urldate = {2021-07-05}
}

@online{CTANPackageEnumitem,
  title = {{{CTAN}}: {{Package}} Enumitem},
  url = {https://ctan.org/pkg/enumitem},
  urldate = {2022-01-08}
}

@online{CTANPackageEtoolbox,
  title = {{{CTAN}}: {{Package}} Etoolbox},
  url = {https://www.ctan.org/pkg/etoolbox},
  urldate = {2021-07-05}
}

@online{CTANPackageExam,
  title = {{{CTAN}}: {{Package}} Exam},
  url = {https://www.ctan.org/pkg/exam},
  urldate = {2021-07-05}
}

@online{CTANPackageFontawesome5,
  title = {{{CTAN}}: {{Package}} Fontawesome5},
  url = {https://www.ctan.org/pkg/fontawesome5},
  urldate = {2021-07-05}
}

@online{CTANPackageGraphicx,
  title = {{{CTAN}}: {{Package}} Graphicx},
  url = {https://www.ctan.org/pkg/graphicx},
  urldate = {2021-07-05}
}

@online{CTANPackageHyperref,
  title = {{{CTAN}}: {{Package}} Hyperref},
  url = {https://www.ctan.org/pkg/hyperref},
  urldate = {2021-07-05}
}

@online{CTANPackageKomascript,
  title = {{{CTAN}}: {{Package}} Koma-Script},
  url = {https://www.ctan.org/pkg/koma-script},
  urldate = {2021-07-05}
}

@online{CTANPackageLatexrefsheet,
  title = {{{CTAN}}: {{Package}} Latex-Refsheet},
  url = {https://www.ctan.org/pkg/latex-refsheet},
  urldate = {2021-07-05},
  keywords = {TeX}
}

@online{CTANPackageLibertinusotf,
  title = {{{CTAN}}: {{Package}} Libertinus-Otf},
  url = {https://www.ctan.org/pkg/libertinus-otf},
  urldate = {2021-07-05}
}

@online{CTANPackageListings,
  title = {{{CTAN}}: {{Package}} Listings},
  url = {https://www.ctan.org/pkg/listings},
  urldate = {2021-07-05}
}

@online{CTANPackageLshort,
  title = {{{CTAN}}: {{Package}} Lshort},
  url = {https://www.ctan.org/pkg/lshort},
  urldate = {2021-07-05}
}

@online{CTANPackageMdframed,
  title = {{{CTAN}}: {{Package}} Mdframed},
  url = {https://www.ctan.org/pkg/mdframed},
  urldate = {2021-07-05}
}

@online{CTANPackageMultirow,
  title = {{{CTAN}}: {{Package}} Multirow},
  url = {https://www.ctan.org/pkg/multirow},
  urldate = {2021-07-05}
}

@online{CTANPackageNlinterval,
  title = {{{CTAN}}: {{Package}} Nl-Interval},
  url = {https://www.ctan.org/pkg/nl-interval},
  urldate = {2021-07-05}
}

@online{CTANPackagePgf,
  title = {{{CTAN}}: {{Package}} Pgf},
  url = {https://www.ctan.org/pkg/pgf},
  urldate = {2021-07-05}
}

@online{CTANPackagePolynom,
  title = {{{CTAN}}: {{Package}} Polynom},
  url = {https://www.ctan.org/pkg/polynom},
  urldate = {2021-07-05}
}

@online{CTANPackageScrlayerscrpage,
  title = {{{CTAN}}: {{Package}} Scrlayer-Scrpage},
  url = {https://www.ctan.org/pkg/scrlayer-scrpage},
  urldate = {2021-07-05}
}

@online{CTANPackageSetspace,
  title = {{{CTAN}}: {{Package}} Setspace},
  url = {https://www.ctan.org/pkg/setspace},
  urldate = {2021-07-05}
}

@online{CTANPackageShortmathguide,
  title = {{{CTAN}}: {{Package}} Short-Math-Guide},
  url = {https://www.ctan.org/pkg/short-math-guide},
  urldate = {2021-07-05}
}

@online{CTANPackageSiunitx,
  title = {{{CTAN}}: {{Package}} Siunitx},
  url = {https://www.ctan.org/pkg/siunitx},
  urldate = {2021-07-06}
}

@online{CTANPackageSubcaption,
  title = {{{CTAN}}: {{Package}} Subcaption},
  url = {https://www.ctan.org/pkg/subcaption},
  urldate = {2021-07-05}
}

@online{CTANPackageTcolorbox,
  title = {{{CTAN}}: {{Package}} Tcolorbox},
  url = {https://www.ctan.org/pkg/tcolorbox},
  urldate = {2021-07-05}
}

@online{CTANPackageTextcomp,
  title = {{{CTAN}}: {{Package}} Textcomp},
  url = {https://www.ctan.org/pkg/textcomp},
  urldate = {2021-07-05},
  keywords = {TeX}
}

@online{CTANPackageThmtools,
  title = {{{CTAN}}: {{Package}} Thmtools},
  url = {https://www.ctan.org/pkg/thmtools},
  urldate = {2021-07-05}
}

@online{CTANPackageTkzbase,
  title = {{{CTAN}}: {{Package}} Tkz-Base},
  url = {https://www.ctan.org/pkg/tkz-base},
  urldate = {2021-07-05}
}

@online{CTANPackageTkzeuclide,
  title = {{{CTAN}}: {{Package}} Tkz-Euclide},
  url = {https://www.ctan.org/pkg/tkz-euclide},
  urldate = {2021-07-05}
}

@online{CTANPackageTkzfct,
  title = {{{CTAN}}: {{Package}} Tkz-Fct},
  url = {https://www.ctan.org/pkg/tkz-fct},
  urldate = {2021-07-05}
}

@online{CTANPackageTkzlinknodes,
  title = {{{CTAN}}: {{Package}} Tkz-Linknodes},
  url = {https://www.ctan.org/pkg/tkz-linknodes},
  urldate = {2021-07-05}
}

@online{CTANPackageTkztab,
  title = {{{CTAN}}: {{Package}} Tkz-Tab},
  url = {https://www.ctan.org/pkg/tkz-tab},
  urldate = {2021-07-05}
}

@online{CTANPackageTocbasic,
  title = {{{CTAN}}: {{Package}} Tocbasic},
  url = {https://www.ctan.org/pkg/tocbasic},
  urldate = {2021-07-05}
}

@online{CTANPackageUnicodemath,
  title = {{{CTAN}}: {{Package}} Unicode-Math},
  url = {https://www.ctan.org/pkg/unicode-math},
  urldate = {2021-07-05}
}

@online{CTANPackageWasysym,
  title = {{{CTAN}}: {{Package}} Wasysym},
  url = {https://www.ctan.org/pkg/wasysym},
  urldate = {2021-07-05}
}

@online{CTANPackageXcolor,
  title = {{{CTAN}}: {{Package}} Xcolor},
  url = {https://www.ctan.org/pkg/xcolor},
  urldate = {2021-07-05}
}

@online{CTANPackageXfrac,
  title = {{{CTAN}}: {{Package}} Xfrac},
  url = {https://www.ctan.org/pkg/xfrac},
  urldate = {2021-07-05}
}

@book{dawkinsCalculus2007,
  title = {Calculus},
  author = {Dawkins, Paul},
  date = {2007},
  langid = {english},
  pagetotal = {574},
  file = {/Users/markolson/Dropbox/mho_zotero/storage/dawkins-calculus-2007.pdf}
}

@book{diezOpenIntroStatistics,
  title = {{{OpenIntro Statistics}}},
  author = {Diez, David and Cetinkaya-Rundel, Mine and Barr, Christopher D},
  edition = {Fourth},
  url = {http://www.openintro.org/redirect.php?go=os&referrer=os4_pdf},
  file = {/Users/markolson/Dropbox/mho_zotero/storage/diez_et_al-openintro_statistics-.pdf}
}

@book{dovermannSummaryCalculus2003,
  title = {A {{Summary}} of {{Calculus}}},
  author = {Dovermann, Karl Heinz},
  date = {2003-07-28},
  location = {{University of Hawaii}},
  pagetotal = {164},
  file = {/Users/markolson/Dropbox/mho_zotero/storage/dovermann-a_summary_of_calculus-2003.pdf}
}

@misc{earlComplexNumbers2003,
  title = {Complex {{Numbers}}},
  author = {Earl, Richard},
  date = {2003-11},
  file = {/Users/markolson/Dropbox/mho_zotero/storage/earl-complex_numbers.pdf}
}

@book{emanuelssonStoraFormelsamlingenMatematik,
  title = {Stora Formelsamlingen i Matematik},
  author = {Emanuelsson, Reimond},
  publisher = {{Matema}},
  pagetotal = {442},
  file = {/Users/markolson/Zotero/storage/QDL93XGF/f0184208.pdf}
}

@article{enrosAnalyticalSociety18121983,
  title = {The {{Analytical Society}} (1812–1813): {{Precursor}} of the Renewal of {{Cambridge}} Mathematics},
  shorttitle = {The {{Analytical Society}} (1812–1813)},
  author = {Enros, Philip C},
  date = {1983-02},
  journaltitle = {Historia Mathematica},
  shortjournal = {Historia Mathematica},
  volume = {10},
  number = {1},
  pages = {24--47},
  issn = {03150860},
  doi = {10.1016/0315-0860(83)90031-9},
  url = {https://linkinghub.elsevier.com/retrieve/pii/0315086083900319},
  urldate = {2022-08-05},
  langid = {english},
  file = {/Users/markolson/Dropbox/mho_zotero/storage/enros-the_analytical_society_(1812–1813)-1983.pdf}
}

@article{finkTieKnotsRandom2000,
  title = {Tie Knots, Random Walks and Topology},
  author = {Fink, Thomas M.A. and Mao, Yong},
  date = {2000-02},
  journaltitle = {Physica A: Statistical Mechanics and its Applications},
  shortjournal = {Physica A: Statistical Mechanics and its Applications},
  volume = {276},
  number = {1-2},
  pages = {109--121},
  issn = {03784371},
  doi = {10.1016/S0378-4371(99)00226-5},
  url = {https://linkinghub.elsevier.com/retrieve/pii/S0378437199002265},
  urldate = {2022-08-05},
  abstract = {Necktie knots are inherently topological structures; what makes them tractable is the particular manner in which they are constructed. This observation motivates a map between tie knots and persistent walks on a triangular lattice. The topological structure embedded in a tie knot may be determined by appropriately manipulating its projection; we derive corresponding rules for tie knot sequences. We classify knots according to their size and shape and quantify the number of knots in a class. Aesthetic knots are characterised by the conditions of symmetry and balance. Of the 85 knots which may be tied with conventional tie, we recover the four traditional knots and introduce nine new aesthetic ones. For large (though impractical) half-winding number, we present some asymptotic results. c 2000 Published by Elsevier Science B.V. All rights reserved.},
  langid = {english},
  file = {/Users/markolson/Dropbox/mho_zotero/storage/fink_et_al-tie_knots,_random_walks_and_topology-2000.pdf}
}

@book{finneyCalculusGraphicalNumerical2007,
  title = {Calculus: Graphical, Numerical, Algebraic},
  shorttitle = {Calculus},
  author = {Finney, Ross L},
  date = {2007},
  publisher = {{Pearson Prentice Hall}},
  location = {{Boston}},
  isbn = {978-0-13-201408-3 978-0-13-201409-0},
  langid = {english},
  annotation = {OCLC: 237188556},
  file = {/Users/markolson/Dropbox/mho_zotero/storage/finney-calculus-2007.pdf}
}

@book{fitzpatrickElementaryLinearAlgebra2017,
  title = {Elementary {{Linear Algebra}}},
  author = {Fitzpatrick, Sean},
  date = {2017},
  publisher = {{University of Lethbridge}},
  file = {/Users/markolson/Dropbox/mho_zotero/storage/fitzpatrick-elementary_linear_algebra.pdf}
}

@misc{ForberedandeKursMatematik,
  title = {Förberedande Kurs i Matematik 1 {{Lösningar}} till Övningar},
  file = {/Users/markolson/Dropbox/mho_zotero/storage/förberedande_kurs_i_matematik_1_lösningar_till_övningar-.pdf}
}

@misc{ForberedandeKursMatematika,
  title = {Förberedande Kurs i Matematik 1},
  file = {/Users/markolson/Dropbox/mho_zotero/storage/förberedande_kurs_i_matematik_1-.pdf}
}

@misc{ForberedandeKursMatematikb,
  title = {Förberedande {{Kurs I Matematik}} 2},
  publisher = {{Matte.se}},
  file = {/Users/markolson/Dropbox/mho_zotero/storage/förberedande_kurs_i_matematik_2-.pdf}
}

@online{FoRKArchiveBrief,
  title = {{{FoRK Archive}}: {{A Brief History}} of {{LaTeX}}.},
  url = {http://www.xent.com/FoRK-archive/feb98/0307.html},
  urldate = {2021-07-08},
  keywords = {TeX}
}

@book{garnerAPCalculusProblem2008,
  title = {The {{AP Calculus Problem Book}}},
  author = {Garner, Chuck},
  date = {2008},
  file = {/Users/markolson/Dropbox/mho_zotero/storage/garner-the_ap_calculus_problem_book-2008.pdf}
}

@online{GuideManyFlavours,
  title = {A {{Guide}} to the {{Many Flavours}} of {{TeX}}},
  url = {https://www.overleaf.com/learn/latex/Articles/What%27s_in_a_Name%3A_A_Guide_to_the_Many_Flavours_of_TeX},
  urldate = {2021-07-07},
  abstract = {An online LaTeX editor that's easy to use. No installation, real-time collaboration, version control, hundreds of LaTeX templates, and more.},
  langid = {english},
  keywords = {overleaf,TeX}
}

@book{gustafssonExponent2c2018,
  title = {Exponent 2c},
  author = {Gustafsson, Ing-Mari and Gennow, Susanne and Silborn, Bo},
  date = {2018},
  edition = {2 uppl},
  publisher = {{Gleerups Utbildning AB}},
  isbn = {978-91-40-69731-8},
  langid = {swedish},
  annotation = {OCLC: 1029037750},
  file = {/Users/markolson/Dropbox/mho_zotero/storage/gustafsson_et_al-exponent_2c.pdf}
}

@book{guttagIntroductionComputationProgramming2021,
  title = {Introduction to Computation and Programming Using {{Python}}: With Application to Computational Modeling and Understanding Data},
  shorttitle = {Introduction to Computation and Programming Using {{Python}}},
  author = {Guttag, John},
  date = {2021},
  edition = {Third edition},
  publisher = {{The MIT Press}},
  location = {{Cambridge, Massachusetts}},
  abstract = {"Introduces students with little or no programming experience to computational problem solving using Python and various Python libraries"--},
  isbn = {978-0-262-54236-4},
  pagetotal = {637},
  keywords = {Computer programming,Python (Computer program language),Textbooks}
}

@book{hilbertFoundationsGeometry2005,
  title = {The {{Foundations}} of {{Geometry}}},
  author = {Hilbert, David},
  date = {2005-12-23},
  url = {https://www.gutenberg.org/ebooks/17384},
  langid = {english},
  file = {/Users/markolson/Dropbox/mho_zotero/storage/hilbert-the_foundations_of_geometry-2005.pdf}
}

@online{HistoryTeXTeX,
  title = {History of {{TeX}} - {{TeX Users Group}}},
  url = {http://www.tug.org/whatis.html},
  urldate = {2021-07-07},
  keywords = {TeX}
}

@article{hogfeldtLeadershipSupportOrganisation2022,
  title = {Leadership, Support and Organisation for Academics’ Participation in Engineering Education Change for Sustainable Development},
  author = {Högfeldt, Anna-Karin and Gumaelius, Lena and Berglund, Per and Kari, Leif and Pears, Arnold and Kann, Viggo},
  date = {2022-08-03},
  journaltitle = {European Journal of Engineering Education},
  volume = {0},
  number = {0},
  pages = {1--27},
  issn = {0304-3797},
  doi = {10.1080/03043797.2022.2106824},
  url = {https://doi.org/10.1080/03043797.2022.2106824},
  urldate = {2022-08-13},
  abstract = {This work spotlights the experiences from ten years of implementing sustainable development in all educational programs at a technical university. With a focus on the critical issue of involving more academics in the work, experiences are shared through an ethnographic account including focus group interviews. ‘Sustainable development’ has been perceived as both superficial and overwhelming; unclear yet somehow predetermined; it has been perceived to demand non-existent space in the curriculum; and it has challenged the academics regardless of the subjects’ relatedness to sustainability. It is concluded that the evolution of a web of interconnected people, key academics, activities, norms and tools has contributed to an increased participation. The work for authenticity, reliability and feasibility, along with institution-wide and long-term academic development tools is presented.},
  keywords = {academic development,Academic leadership,activity theory,participatory practices,social practice theory},
  file = {/Users/markolson/Dropbox/mho_zotero/storage/högfeldt_et_al-leadership,_support_and_organisation_for_academics’_participation_in.pdf}
}

@online{hogholmCTANPackageMathtools,
  title = {{{CTAN}}: {{Package}} Mathtools},
  author = {Høgholm, Morten and Madsen, Lars and {LaTeX3 Project}},
  url = {https://www.ctan.org/pkg/mathtools},
  urldate = {2021-07-05},
  keywords = {TeX}
}

@article{holmesStateArtPractice2022,
  title = {State of the Art and Practice in {{AI}} in Education},
  shorttitle = {State of the Art and Practice In},
  author = {Holmes, Wayne and Tuomi, Ilkka},
  date = {2022-12},
  journaltitle = {European Journal of Education},
  shortjournal = {Euro J of Education},
  volume = {57},
  number = {4},
  pages = {542--570},
  issn = {0141-8211, 1465-3435},
  doi = {10.1111/ejed.12533},
  url = {https://onlinelibrary.wiley.com/doi/10.1111/ejed.12533},
  urldate = {2022-11-20},
  langid = {english},
  file = {/Users/markolson/Dropbox/mho_zotero/storage/holmes_et_al-state_of_the_art_and_practice_in_ai_in_education.pdf}
}

@article{honCalculusReviewFormulas2004,
  title = {Calculus {{Review}} and {{Formulas}}},
  author = {Hon, Keone},
  date = {2004},
  pages = {11},
  langid = {english},
  file = {/Users/markolson/Dropbox/mho_zotero/storage/hon-calculus_review_and_formulas-.pdf}
}

@article{hornbeckSituationSlopesPerpendicular,
  title = {Situation: {{Slopes}} of {{Perpendicular Lines}}},
  author = {Hornbeck, David},
  pages = {9},
  langid = {english},
  file = {/Users/markolson/Dropbox/mho_zotero/storage/hornbeck-situation-.pdf}
}

@article{hornbeckSlopesPerpendicularLines,
  title = {Slopes of {{Perpendicular Lines}}},
  author = {Hornbeck, David},
  pages = {9},
  langid = {english},
  file = {/Users/markolson/Dropbox/mho_zotero/storage/hornbeck-slopes_of_perpendicular_lines-.pdf}
}

@misc{ISO800002Quantities2019,
  title = {{{ISO}} 80000-2 {{Quantities}} and {{Units}} - {{Part}} 2 {{Mathematical}} Signs and Symbols to Be Used in the Natural Sciences and Technology},
  date = {2019-12-09},
  publisher = {{ISO}},
  file = {/Users/markolson/Dropbox/mho_zotero/storage/iso_80000-2_quantities_and_units_-_part_2_mathematical_signs_and_symbols_to_be-2019.pdf}
}

@article{jamesonProbabilityIntegralVolume1994,
  title = {The Probability Integral by Volume of Revolution},
  author = {Jameson, Timothy P.},
  date = {1994-11},
  journaltitle = {The Mathematical Gazette},
  shortjournal = {Math. Gaz.},
  volume = {78},
  number = {483},
  pages = {339--340},
  issn = {0025-5572, 2056-6328},
  doi = {10.2307/3620213},
  url = {https://www.cambridge.org/core/product/identifier/S0025557200154956/type/journal_article},
  urldate = {2022-08-05},
  langid = {english},
  file = {/Users/markolson/Dropbox/mho_zotero/storage/jameson-78-1994.pdf}
}

@misc{kilhamnTermerMatematikundervisning2021,
  title = {Termer för matematikundervisning},
  author = {Kilhamn, Cecilia},
  date = {2021},
  publisher = {{Skolverket}},
  langid = {swedish},
  file = {/Users/markolson/Dropbox/mho_zotero/storage/kilhamn-termer_för_matematikundervisning-2021.pdf}
}

@book{kiselmanMatematiktermerSkolan2008,
  title = {Matematiktermer för skolan},
  shorttitle = {Matematiktermer},
  author = {Kiselman, Christer O and Mouwitz, Lars and Britton, Nationellt centrum f??r matematikutbildning, Tom},
  date = {2008},
  publisher = {{Nationellt centrum för matematikutbildning (NCM), Göteborgs universitet}},
  location = {{Göteborg}},
  isbn = {978-91-85143-12-2},
  langid = {swedish},
  annotation = {OCLC: 489124236},
  file = {/Users/markolson/Dropbox/mho_zotero/storage/kiselman_et_al-matematiktermer_för_skolan-2008.pdf}
}

@misc{knuthAllQuestionsAnswered2001,
  title = {All {{Questions Answered}} by {{Donal Knuth}}},
  date = {2001-10-05},
  url = {https://www.ams.org/notices/200203/fea-knuth.pdf},
  abstract = {On October 5, 2001, at the Technische Universität München, Donald Knuth presented a lecture entitled “All Questions Answered”. The lecture drew an au- dience of around 350 people. This article contains the text of the lecture, edited by Notices senior writer and deputy editor Allyn Jackson.},
  editora = {Knuth, Donald},
  editoratype = {collaborator},
  langid = {english},
  keywords = {TeX},
  file = {/Users/markolson/Dropbox/mho_zotero/storage/knuth-all_questions_answered_by_donal_knuth-2001.pdf}
}

@online{knuthPreliminaryPreliminaryDescription1977,
  title = {Preliminary Preliminary Description of {{TeX}}},
  author = {Knuth, Donald},
  date = {1977-05-13},
  url = {https://www.saildart.org/TEXDR.AFT%5B1,DEK%5D1},
  urldate = {2021-07-08},
  keywords = {TeX}
}

@misc{kocakGodkantBetygMatematik2020,
  title = {Godkänt betyg i matematik 2b Utveckling av ett utbildningsmaterial för att eleven ska klara av nationella provet},
  author = {Kocak, Furkan-Sami},
  date = {2020},
  publisher = {{KTH}},
  abstract = {Sverige har under flera år fått svaga resultat i matematik i flera olika internationella undersökningar. Under min VFU-erfarenhet på ett gymnasium var matematik 2b en stor utmaning där cirka 83\% av alla elever som skrev nationella provet år 2019 fick betyget F. Extra anpassningar i form av ett anpassat läromedel för dessa elever ansågs vara nödvändig och ett nytt utbildningsmaterial togs fram av mig. Syftet med arbetet är att skapa ett utbildningsmaterial för matematik 2b för att eleverna ska klara nationella provet. För att uppnå syftet har gamla nationella prov analyserats och ett utbildningsmaterial har tagits fram som grundar sig på områden som kommit flest gånger på dessa nationella prov. Vidare syftar rapporten till att följa upp eleverna som använt utbildningsmaterialet. Uppföljningen sker genom att utvärdera dessa elevers motivation och självförtroende med hjälp av intervjuer samt att deras resultat på nationella prov bedöms. Motivation är en viktig faktor i matematikundervisning och kan delas in i inre och yttre motivation. Inre motivation handlar om egen drivkraft medan yttre motivation handlar om att bli belönad av en annan person och motiveras genom detta. En studie gjord i USA visar att motivation är viktigare än intelligens för att lyckas inom matematik. Det finns även starka samband mellan självförtroende och betyg inom matematik. Det utvecklade utbildningsmaterialet prövades på 15 elever som tidigare fått ett F i kursen under en 2 veckorsperiod på en sommarlovsskola. Sedan utvärderades den genom att eleverna fick uppskatta hur materialet påverkat deras motivation och självförtroende. Denna uppskattning gjordes genom kvalitativa intervjuer via google meet. Eleverna skrev även ett nationellt prov som rättades. Åtta av de femton elever som deltog i sommarlovsskolan fick ett godkänt betyg på nationella provet. Eleverna tyckte även att utbildningsmaterialet hade en positiv påverkan på deras självförtroende och motivation. Det är inte säkert hur stor del av denna positiva påverkan utbildningsmaterialet haft. Andra saker som kan ha påverkat elevernas motivation och resultat är att sommarlovsskolan bestod av en mindre elevgrupp och att det var en ny lärare som undervisade dem.},
  langid = {swedish},
  file = {/Users/markolson/Dropbox/mho_zotero/storage/kocak-godkänt_betyg_i_matematik_2b_utveckling_av_ett_utbildningsmaterial_för_att.pdf}
}

@article{koelzerBootstrappingOurWay2007,
  title = {Bootstrapping {{Our Way}} to the {{Product Rule}}},
  author = {Koelzer, John G.},
  date = {2007-10-01},
  journaltitle = {Missouri Journal of Mathematical Sciences},
  shortjournal = {Missouri J. Math. Sci.},
  volume = {19},
  number = {3},
  issn = {0899-6180},
  doi = {10.35834/mjms/1316032977},
  url = {https://projecteuclid.org/journals/missouri-journal-of-mathematical-sciences/volume-19/issue-3/Bootstrapping-Our-Way-to-the-Product-Rule/10.35834/mjms/1316032977.full},
  urldate = {2022-08-06},
  abstract = {In this paper, a technique is introduced for proving the product rule for the differentiation of the product of two functions in an undergraduate real analysis class. The general form of the product rule is proved using the sum rule and constant multiple rule as well as a special case of the product rule. This special case can be proved quite easily using only the definition of the derivative and the fact that a differentiable function is continuous.},
  langid = {english},
  file = {/Users/markolson/Dropbox/mho_zotero/storage/koelzer-bootstrapping_our_way_to_the_product_rule-2007.pdf}
}

@misc{kuhlmannKombinatorikOchSannolikhetslara2021,
  title = {Kombinatorik Och Sannolikhetslära},
  author = {Kuhlmann, Marco and Lagerkvist, Victor},
  date = {2021},
  file = {/Users/markolson/Dropbox/mho_zotero/storage/kuhlmann_et_al-kombinatorik_och_sannolikhetslära_facit-2021.pdf;/Users/markolson/Dropbox/mho_zotero/storage/kuhlmann_et_al-kombinatorik_och_sannolikhetslära-2021.pdf}
}

@book{kunkelMathematicsPracticalGuide2014,
  title = {Mathematics: A Practical Guide.},
  shorttitle = {Mathematics},
  author = {Kunkel, Talei and Seiler, Palmira Mariz and Torres-Skoumal, Marlene and Weber, David and {International Baccalaureate Organization}},
  date = {2014},
  url = {https://archive.org/details/mathematicspract0000kunk},
  urldate = {2022-08-06},
  langid = {english},
  annotation = {OCLC: 1285662398},
  file = {/Users/markolson/Dropbox/mho_zotero/storage/kunkel_et_al-mathematics-2014.pdf}
}

@article{kuzlePromotingWritingMathematics2013,
  title = {Promoting {{Writing}} in {{Mathematics}}: {{Prospective Teachers}}’ {{Experiences}} and {{Perspectives}} on the {{Process}} of {{Writing When Doing Mathematics}} as {{Problem Solving}}},
  shorttitle = {Promoting {{Writing}} in {{Mathematics}}},
  author = {Kuzle, Ana},
  date = {2013-12-31},
  journaltitle = {Center for Educational Policy Studies Journal},
  shortjournal = {CEPSj},
  volume = {3},
  number = {4},
  pages = {41--59},
  issn = {2232-2647, 1855-9719},
  doi = {10.26529/cepsj.222},
  url = {https://www.cepsj.si/index.php/cepsj/article/view/222},
  urldate = {2022-08-05},
  abstract = {Despite a great deal of research on the benefits of writing in mathematics,~writing plays a minimal role, if any, in secondary and tertiary mathematics~education. In order for teachers to use writing in their classrooms,~they themselves have to experience writing mathematics within~the teacher education programme. The present paper reports on a study~aimed at addressing this gap. In a problem-solving seminar, preservice~teachers had an opportunity to experience writing in mathematics and~report how this affected their problem-solving processes and shaped~their attitudes towards incorporating writing in their classrooms. In~order to provide a more detailed description of the phenomenon, four~participants were chosen based on their beliefs about mathematics. All ~of the participants struggled with writing their explanations. Those who~used writing as a method to support metacognitive processes while exploring~mathematics tended to respond positively to the writing process.~The others used writing merely as a method to produce a formal~document to be evaluated by the instructor. Consequently, those who~viewed writing and doing mathematics as an intertwined process expressed~a positive attitude towards using writing in their mathematics~classroom. This was, unfortunately, not the case when writing and doing~mathematics were seen as two separate processes. Implications for~teacher education programmes are presented at the end of the report.},
  langid = {english},
  file = {/Users/markolson/Dropbox/mho_zotero/storage/kuzle-promoting_writing_in_mathematics-2013.pdf}
}

@book{kwongSpiralWorkbookDiscrete2022,
  title = {A {{Spiral Workbook}} for {{Discrete Mathematics}}},
  author = {Kwong, Harris},
  date = {2022-04-05},
  langid = {english},
  pagetotal = {301},
  file = {/Users/markolson/Dropbox/mho_zotero/storage/kwong-a_spiral_workbook_for_discrete_mathematics-2022.pdf}
}

@online{LaTeXBasicsWikibooks,
  title = {{{LaTeX}}/{{Basics}} - {{Wikibooks}}, Open Books for an Open World},
  url = {https://en.wikibooks.org/wiki/LaTeX/Basics},
  urldate = {2021-07-06},
  langid = {english},
  keywords = {ExtendedEssay}
}

@article{lawGuideWritingMathematics2015,
  title = {Guide to {{Writing Mathematics}}},
  author = {Law, K.H.},
  date = {2015},
  abstract = {This guide is developed under the Teaching Development Grant (TDG) project entitled ‘Promoting Teaching and Learning of Professional Writing in Mathematics’ (Principal Investigator: K. H. Law, Department of Mathematics; Co-investigators: S. Boynton and C. Tait, Centre for Applied English Studies) at The University of Hong Kong. The first version was released in January 2015 upon completion of the project, while continual updates and enrichments to the contents are expected. All mathematics students have to write mathematics to some extent, but then unlike in the teaching of other languages (mathematics is certainly a language in its own right!) there is seldom a course that specifically teaches students how to write properly in the mathematical language. Furthermore, the way university mathematics teachers expect students to write is often different from how students used to write in mathematics homework or examinations in secondary school. One of the main purposes of the project is therefore to bridge the gap and raise students’ awareness of the importance of proper mathematical writing. It is hoped that this guide will serve as a reference to students on how to write mathematics, as well as a resource for both mathematics and English teachers.},
  file = {/Users/markolson/Dropbox/mho_zotero/storage/law-guide_to_writing_mathematics-2015.pdf}
}

@article{leeGuideWritingMathematics,
  title = {A {{Guide}} to {{Writing Mathematics}}},
  author = {Lee, Dr Kevin P},
  pages = {17},
  langid = {english},
  file = {/Users/markolson/Dropbox/mho_zotero/storage/lee-a_guide_to_writing_mathematics-.pdf}
}

@misc{lennerstadModulAlgebraEkvation2014,
  title = {Modul Algebra Del 7 Ekvation och funktion},
  shorttitle = {Ekvation och funktion},
  author = {Lennerstad, Håkan and Olteanu, Constanta},
  date = {2014-05},
  publisher = {{Skolverket}},
  url = {https://larportalen.skolverket.se},
  abstract = {Det är vanligt i grundskolan och gymnasiet att elever har svårt att skilja mellan ekvation och funktion. Detta lärandeobjekt handlar om vad de betyder, och i synnerhet skillnaden mellan dem. Föreslagna kritiska aspekter i denna del handlar om ekvationsbegreppet, medan de i fortsättningen handlar mer om funktioner och om sambandet mellan de två begreppen. En funktion är ett samband, som oftast kan ritas upp som en kurva. Man är intresserad av olika egenskaper för en funktion. En ekvation däremot, är ett påstående, ofta med en obekant som man vill ta reda på - som man vill lösa. Dessa är grundläggande skillnader mellan begreppen på ett konceptuellt plan och kan beskrivas metaforiskt, t.ex. på följande sätt.},
  langid = {swedish},
  file = {/Users/markolson/Dropbox/mho_zotero/storage/lennerstad_et_al-modul_algebra_del_7_ekvation_och_funktion-2014.pdf}
}

@misc{lermaModularArithmetic2005,
  title = {Modular {{Arithmetic}}},
  author = {Lerma, Miguel A.},
  date = {2005-04-21},
  file = {/Users/markolson/Dropbox/mho_zotero/storage/lerma-modular_arithmetic-2005.pdf}
}

@book{lewisonCalculusNutshell,
  title = {Calculus in a {{Nutshell}}},
  author = {Lewison, Seth},
  file = {/Users/markolson/Dropbox/mho_zotero/storage/lewison-calculus_in_a_nutshell.pdf}
}

@article{liFunctionalEquations03,
  title = {Functional {{Equations}}},
  author = {Li, Kin Yin},
  date = {0003-02},
  journaltitle = {Mathematical Excalibur},
  volume = {8},
  number = {1},
  pages = {1--4},
  url = {ttp://www.math.ust.hk/mathematical_excalibur/},
  file = {/Users/markolson/Zotero/storage/FMAA8MV2/20150809-174459-ip2.3-FunctionsMathematicalExcalibur.pdf}
}

@misc{lindstromMatematiskOrdbokHogskolan,
  title = {Matematisk {{Ordbok}} För Högskolan},
  author = {Lindström, Stefan B.},
  file = {/Users/markolson/Zotero/storage/EWHLVV2L/Lindström - Matematisk Ordbok för högskolan.pdf}
}

@misc{lindstromMatematiskOrdbokHogskolan2013,
  title = {Matematisk Ordbok För Högskolan: Engelsk-Svensk, Svensk-Engelsk},
  author = {Lindström, Stefan B.},
  date = {2013},
  publisher = {{Stefan Lindström, Link ̈oping}},
  url = {https://sites.google.com/site/lindstroemepublicering},
  file = {/Users/markolson/Dropbox/mho_zotero/storage/lindström-matematisk_ordbok_för_högskolan-2013.pdf}
}

@book{marshPythonCompleteManual2022,
  title = {Python {{The Complete Manual}}},
  author = {Marsh, Katharine and Wardell-Wicks, Perry},
  date = {2022},
  edition = {Thirteenth (CMB4316)},
  publisher = {{Future Publishing Limited}},
  location = {{Future PLC Quay House, The Ambury, Bath, BA1 1UA}},
  file = {/Users/markolson/Dropbox/mho_zotero/storage/marsh_et_al-python_the_complete_manual-2022.pdf}
}

@video{MasterYourSmartphone,
  title = {Master {{Your Smartphone Camera Settings}} Using {{FiLMiC Pro}} (or Other App) | {{Cinematic Video Tutorial}}},
  url = {https://www.youtube.com/watch?v=egW9kO9ZfyI},
  urldate = {2022-01-04},
  abstract = {Shoot more professional, more cinematic video with your iPhone if you understand these camera settings. Learn how to use ISO, Frame Rate, Shutter Speed, Aper...},
  langid = {british}
}

@misc{MathleticsIndiciesJ1SBPdf,
  title = {Mathletics-{{Indicies-J1SB}}.Pdf},
  file = {/Users/markolson/Zotero/storage/4FEFW62S/mathletics-Indicies-J1SB.pdf}
}

@misc{MathleticsInstantWorkbooks2021,
  title = {Mathletics {{Instant Workbooks}}},
  date = {2021},
  file = {/Users/markolson/Library/Mobile Documents/com~apple~CloudDocs/Zotero/worksheets/mathletics/0375-mathletics-TangentToCurveAndDerivative.pdf;/Users/markolson/Library/Mobile Documents/com~apple~CloudDocs/Zotero/worksheets/mathletics/mathletics-AdditionSubtraction-F1SB.pdf;/Users/markolson/Library/Mobile Documents/com~apple~CloudDocs/Zotero/worksheets/mathletics/mathletics-AdditionSubtraction-F1TB.pdf;/Users/markolson/Library/Mobile Documents/com~apple~CloudDocs/Zotero/worksheets/mathletics/mathletics-AdditionSubtraction-G1SB.pdf;/Users/markolson/Library/Mobile Documents/com~apple~CloudDocs/Zotero/worksheets/mathletics/mathletics-AdditionSubtraction-G1TB.pdf;/Users/markolson/Library/Mobile Documents/com~apple~CloudDocs/Zotero/worksheets/mathletics/mathletics-Algebra-H1SB.pdf;/Users/markolson/Library/Mobile Documents/com~apple~CloudDocs/Zotero/worksheets/mathletics/mathletics-Algebra-H1TB.pdf;/Users/markolson/Library/Mobile Documents/com~apple~CloudDocs/Zotero/worksheets/mathletics/mathletics-Algebra-H2SB.pdf;/Users/markolson/Library/Mobile Documents/com~apple~CloudDocs/Zotero/worksheets/mathletics/mathletics-Algebra-H2TB.pdf;/Users/markolson/Library/Mobile Documents/com~apple~CloudDocs/Zotero/worksheets/mathletics/mathletics-Algebra-J2SB.pdf;/Users/markolson/Library/Mobile Documents/com~apple~CloudDocs/Zotero/worksheets/mathletics/mathletics-Algebra-J2TB.pdf;/Users/markolson/Library/Mobile Documents/com~apple~CloudDocs/Zotero/worksheets/mathletics/mathletics-AlgebraAndSequences-L1SB.pdf;/Users/markolson/Library/Mobile Documents/com~apple~CloudDocs/Zotero/worksheets/mathletics/mathletics-AlgebraAndSequences-L1TB.pdf;/Users/markolson/Library/Mobile Documents/com~apple~CloudDocs/Zotero/worksheets/mathletics/mathletics-AlgebraicSkilss-M1SB.pdf;/Users/markolson/Library/Mobile Documents/com~apple~CloudDocs/Zotero/worksheets/mathletics/mathletics-AlgebraicSkilss-M1TB.pdf;/Users/markolson/Library/Mobile Documents/com~apple~CloudDocs/Zotero/worksheets/mathletics/mathletics-AlgebraTechniques-K1SB.pdf;/Users/markolson/Library/Mobile Documents/com~apple~CloudDocs/Zotero/worksheets/mathletics/mathletics-AlgebraTechniques-K1TB.pdf;/Users/markolson/Library/Mobile Documents/com~apple~CloudDocs/Zotero/worksheets/mathletics/mathletics-ApplicationsofCalculus-M2SB.pdf;/Users/markolson/Library/Mobile Documents/com~apple~CloudDocs/Zotero/worksheets/mathletics/mathletics-ApplicationsofCalculus-M2TB.pdf;/Users/markolson/Library/Mobile Documents/com~apple~CloudDocs/Zotero/worksheets/mathletics/mathletics-ApplicationsOfGeometricProperites-M2SB.pdf;/Users/markolson/Library/Mobile Documents/com~apple~CloudDocs/Zotero/worksheets/mathletics/mathletics-ApplicationsOfGeometricProperites-M2TB.pdf;/Users/markolson/Library/Mobile Documents/com~apple~CloudDocs/Zotero/worksheets/mathletics/mathletics-AreaVolumeCapacity-H1SB.pdf;/Users/markolson/Library/Mobile Documents/com~apple~CloudDocs/Zotero/worksheets/mathletics/mathletics-AreaVolumeCapacity-H1TB.pdf;/Users/markolson/Library/Mobile Documents/com~apple~CloudDocs/Zotero/worksheets/mathletics/mathletics-AreaVolumeCapacity-H2SB.pdf;/Users/markolson/Library/Mobile Documents/com~apple~CloudDocs/Zotero/worksheets/mathletics/mathletics-AreaVolumeCapacity-H2TB.pdf;/Users/markolson/Library/Mobile Documents/com~apple~CloudDocs/Zotero/worksheets/mathletics/mathletics-ArithmeticAlgebra-L2SB.pdf;/Users/markolson/Library/Mobile Documents/com~apple~CloudDocs/Zotero/worksheets/mathletics/mathletics-ArithmeticAlgebra-L2TB.pdf;/Users/markolson/Library/Mobile Documents/com~apple~CloudDocs/Zotero/worksheets/mathletics/mathletics-ArithmeticAndCalculator-H1SB.pdf;/Users/markolson/Library/Mobile Documents/com~apple~CloudDocs/Zotero/worksheets/mathletics/mathletics-ArithmeticAndCalculator-H1TB.pdf;/Users/markolson/Library/Mobile Documents/com~apple~CloudDocs/Zotero/worksheets/mathletics/mathletics-BasicAlgebra-I1SB.pdf;/Users/markolson/Library/Mobile Documents/com~apple~CloudDocs/Zotero/worksheets/mathletics/mathletics-BasicAlgebra-I1TB.pdf;/Users/markolson/Library/Mobile Documents/com~apple~CloudDocs/Zotero/worksheets/mathletics/mathletics-BasicAlgebra-I2SB.pdf;/Users/markolson/Library/Mobile Documents/com~apple~CloudDocs/Zotero/worksheets/mathletics/mathletics-BasicAlgebra-I2TB.pdf;/Users/markolson/Library/Mobile Documents/com~apple~CloudDocs/Zotero/worksheets/mathletics/mathletics-BasicArithmeticAndCalculator-I1SB.pdf;/Users/markolson/Library/Mobile Documents/com~apple~CloudDocs/Zotero/worksheets/mathletics/mathletics-BasicArithmeticAndCalculator-I1TB.pdf;/Users/markolson/Library/Mobile Documents/com~apple~CloudDocs/Zotero/worksheets/mathletics/mathletics-BasicArithmeticAndCalculator-I2SB.pdf;/Users/markolson/Library/Mobile Documents/com~apple~CloudDocs/Zotero/worksheets/mathletics/mathletics-BasicArithmeticAndCalculator-I2TB.pdf;/Users/markolson/Library/Mobile Documents/com~apple~CloudDocs/Zotero/worksheets/mathletics/mathletics-ChanceAndProbability-F1SB.pdf;/Users/markolson/Library/Mobile Documents/com~apple~CloudDocs/Zotero/worksheets/mathletics/mathletics-ChanceAndProbability-F1TB.pdf;/Users/markolson/Library/Mobile Documents/com~apple~CloudDocs/Zotero/worksheets/mathletics/mathletics-ChanceAndProbability-G1SB.pdf;/Users/markolson/Library/Mobile Documents/com~apple~CloudDocs/Zotero/worksheets/mathletics/mathletics-ChanceAndProbability-G1TB.pdf;/Users/markolson/Library/Mobile Documents/com~apple~CloudDocs/Zotero/worksheets/mathletics/mathletics-CirclesAndCylidners-I1SB.pdf;/Users/markolson/Library/Mobile Documents/com~apple~CloudDocs/Zotero/worksheets/mathletics/mathletics-CirclesAndCylidners-I1TB.pdf;/Users/markolson/Library/Mobile Documents/com~apple~CloudDocs/Zotero/worksheets/mathletics/mathletics-CirclesAndCylidners-I2SB.pdf;/Users/markolson/Library/Mobile Documents/com~apple~CloudDocs/Zotero/worksheets/mathletics/mathletics-CirclesAndCylidners-I2TB.pdf;/Users/markolson/Library/Mobile Documents/com~apple~CloudDocs/Zotero/worksheets/mathletics/mathletics-CongruenceAndSimilarity-I1SB.pdf;/Users/markolson/Library/Mobile Documents/com~apple~CloudDocs/Zotero/worksheets/mathletics/mathletics-CongruenceAndSimilarity-I1TB.pdf;/Users/markolson/Library/Mobile Documents/com~apple~CloudDocs/Zotero/worksheets/mathletics/mathletics-CongruenceAndSimilarity-I2SB.pdf;/Users/markolson/Library/Mobile Documents/com~apple~CloudDocs/Zotero/worksheets/mathletics/mathletics-CongruenceAndSimilarity-I2TB.pdf;/Users/markolson/Library/Mobile Documents/com~apple~CloudDocs/Zotero/worksheets/mathletics/mathletics-CongruenceAndSimilarity-K1SB.pdf;/Users/markolson/Library/Mobile Documents/com~apple~CloudDocs/Zotero/worksheets/mathletics/mathletics-CongruenceAndSimilarity-K1TB.pdf;/Users/markolson/Library/Mobile Documents/com~apple~CloudDocs/Zotero/worksheets/mathletics/mathletics-ConsumerArithmetic-J1SB.pdf;/Users/markolson/Library/Mobile Documents/com~apple~CloudDocs/Zotero/worksheets/mathletics/mathletics-ConsumerArithmetic-J1TB.pdf;/Users/markolson/Library/Mobile Documents/com~apple~CloudDocs/Zotero/worksheets/mathletics/mathletics-ConsumerArithmetic-J2SB.pdf;/Users/markolson/Library/Mobile Documents/com~apple~CloudDocs/Zotero/worksheets/mathletics/mathletics-ConsumerArithmetic-J2TB.pdf;/Users/markolson/Library/Mobile Documents/com~apple~CloudDocs/Zotero/worksheets/mathletics/mathletics-ConsumerArithmetic-K1SB.pdf;/Users/markolson/Library/Mobile Documents/com~apple~CloudDocs/Zotero/worksheets/mathletics/mathletics-ConsumerArithmetic-K1TB.pdf;/Users/markolson/Library/Mobile Documents/com~apple~CloudDocs/Zotero/worksheets/mathletics/mathletics-ConsumerArithmetic-K2SB.pdf;/Users/markolson/Library/Mobile Documents/com~apple~CloudDocs/Zotero/worksheets/mathletics/mathletics-ConsumerArithmetic-K2TB.pdf;/Users/markolson/Library/Mobile Documents/com~apple~CloudDocs/Zotero/worksheets/mathletics/mathletics-CoordinateGeometry-J1SB.pdf;/Users/markolson/Library/Mobile Documents/com~apple~CloudDocs/Zotero/worksheets/mathletics/mathletics-CoordinateGeometry-J1TB.pdf;/Users/markolson/Library/Mobile Documents/com~apple~CloudDocs/Zotero/worksheets/mathletics/mathletics-CoordinateGeometry-J2SB.pdf;/Users/markolson/Library/Mobile Documents/com~apple~CloudDocs/Zotero/worksheets/mathletics/mathletics-CoordinateGeometry-J2TB.pdf;/Users/markolson/Library/Mobile Documents/com~apple~CloudDocs/Zotero/worksheets/mathletics/mathletics-CoordinateGeometry-K1SB.pdf;/Users/markolson/Library/Mobile Documents/com~apple~CloudDocs/Zotero/worksheets/mathletics/mathletics-CoordinateGeometry-K1TB.pdf;/Users/markolson/Library/Mobile Documents/com~apple~CloudDocs/Zotero/worksheets/mathletics/mathletics-CoordinateMethodsGeometry-M2SB.pdf;/Users/markolson/Library/Mobile Documents/com~apple~CloudDocs/Zotero/worksheets/mathletics/mathletics-CoordinateMethodsGeometry-M2TB.pdf;/Users/markolson/Library/Mobile Documents/com~apple~CloudDocs/Zotero/worksheets/mathletics/mathletics-Correlation-M1SB.pdf;/Users/markolson/Library/Mobile Documents/com~apple~CloudDocs/Zotero/worksheets/mathletics/mathletics-Correlation-M1TB.pdf;/Users/markolson/Library/Mobile Documents/com~apple~CloudDocs/Zotero/worksheets/mathletics/mathletics-DataAnalsisSummary-L1SB.pdf;/Users/markolson/Library/Mobile Documents/com~apple~CloudDocs/Zotero/worksheets/mathletics/mathletics-DataAnalsisSummary-L1TB.pdf;/Users/markolson/Library/Mobile Documents/com~apple~CloudDocs/Zotero/worksheets/mathletics/mathletics-DataAnalysisAndEvaluation-K1SB.pdf;/Users/markolson/Library/Mobile Documents/com~apple~CloudDocs/Zotero/worksheets/mathletics/mathletics-DataAnalysisAndEvaluation-K1TB.pdf;/Users/markolson/Library/Mobile Documents/com~apple~CloudDocs/Zotero/worksheets/mathletics/mathletics-DataAnalysisDisplayingSingleDataSet-L1SB.pdf;/Users/markolson/Library/Mobile Documents/com~apple~CloudDocs/Zotero/worksheets/mathletics/mathletics-DataAnalysisDisplayingSingleDataSet-L1TB.pdf;/Users/markolson/Library/Mobile Documents/com~apple~CloudDocs/Zotero/worksheets/mathletics/mathletics-DataAnalysisInterpretingSetsOfData-M1SB.pdf;/Users/markolson/Library/Mobile Documents/com~apple~CloudDocs/Zotero/worksheets/mathletics/mathletics-DataAnalysisInterpretingSetsOfData-M1TB.pdf;/Users/markolson/Library/Mobile Documents/com~apple~CloudDocs/Zotero/worksheets/mathletics/mathletics-DataCollectionSampleing-L1SB.pdf;/Users/markolson/Library/Mobile Documents/com~apple~CloudDocs/Zotero/worksheets/mathletics/mathletics-DataCollectionSampleing-L1TB.pdf;/Users/markolson/Library/Mobile Documents/com~apple~CloudDocs/Zotero/worksheets/mathletics/mathletics-DataRepresentationAndAnalysis-J1SB.pdf;/Users/markolson/Library/Mobile Documents/com~apple~CloudDocs/Zotero/worksheets/mathletics/mathletics-DataRepresentationAndAnalysis-J1TB.pdf;/Users/markolson/Library/Mobile Documents/com~apple~CloudDocs/Zotero/worksheets/mathletics/mathletics-Decimals-H1SB.pdf;/Users/markolson/Library/Mobile Documents/com~apple~CloudDocs/Zotero/worksheets/mathletics/mathletics-Decimals-H1TB.pdf;/Users/markolson/Library/Mobile Documents/com~apple~CloudDocs/Zotero/worksheets/mathletics/mathletics-Decimals-H2SB.pdf;/Users/markolson/Library/Mobile Documents/com~apple~CloudDocs/Zotero/worksheets/mathletics/mathletics-Decimals-H2TB.pdf;/Users/markolson/Library/Mobile Documents/com~apple~CloudDocs/Zotero/worksheets/mathletics/mathletics-DirectedNumbers-H1SB.pdf;/Users/markolson/Library/Mobile Documents/com~apple~CloudDocs/Zotero/worksheets/mathletics/mathletics-DirectedNumbers-H1TB.pdf;/Users/markolson/Library/Mobile Documents/com~apple~CloudDocs/Zotero/worksheets/mathletics/mathletics-DirectedNumbers-H2SB.pdf;/Users/markolson/Library/Mobile Documents/com~apple~CloudDocs/Zotero/worksheets/mathletics/mathletics-DirectedNumbers-H2TB.pdf;/Users/markolson/Library/Mobile Documents/com~apple~CloudDocs/Zotero/worksheets/mathletics/mathletics-EquationsAndFormulae-I1SB.pdf;/Users/markolson/Library/Mobile Documents/com~apple~CloudDocs/Zotero/worksheets/mathletics/mathletics-EquationsAndFormulae-I1TB.pdf;/Users/markolson/Library/Mobile Documents/com~apple~CloudDocs/Zotero/worksheets/mathletics/mathletics-EquationsAndFormulae-I2SB.pdf;/Users/markolson/Library/Mobile Documents/com~apple~CloudDocs/Zotero/worksheets/mathletics/mathletics-EquationsAndFormulae-I2TB.pdf;/Users/markolson/Library/Mobile Documents/com~apple~CloudDocs/Zotero/worksheets/mathletics/mathletics-EquationsAndInequalities-K1SB.pdf;/Users/markolson/Library/Mobile Documents/com~apple~CloudDocs/Zotero/worksheets/mathletics/mathletics-EquationsAndInequalities-K1TB.pdf;/Users/markolson/Library/Mobile Documents/com~apple~CloudDocs/Zotero/worksheets/mathletics/mathletics-EquationsInequalitesFormula-J2SB.pdf;/Users/markolson/Library/Mobile Documents/com~apple~CloudDocs/Zotero/worksheets/mathletics/mathletics-EquationsInequalitesFormula-J2TB.pdf;/Users/markolson/Library/Mobile Documents/com~apple~CloudDocs/Zotero/worksheets/mathletics/mathletics-Factorization-J2SB.pdf;/Users/markolson/Library/Mobile Documents/com~apple~CloudDocs/Zotero/worksheets/mathletics/mathletics-Factorization-J2TB.pdf;/Users/markolson/Library/Mobile Documents/com~apple~CloudDocs/Zotero/worksheets/mathletics/mathletics-FinancialAnnuitiesAndLoanRepayment-M1SB.pdf;/Users/markolson/Library/Mobile Documents/com~apple~CloudDocs/Zotero/worksheets/mathletics/mathletics-FinancialAnnuitiesAndLoanRepayment-M1TB.pdf;/Users/markolson/Library/Mobile Documents/com~apple~CloudDocs/Zotero/worksheets/mathletics/mathletics-FinancialCreditBorrowing-M1SB.pdf;/Users/markolson/Library/Mobile Documents/com~apple~CloudDocs/Zotero/worksheets/mathletics/mathletics-FinancialCreditBorrowing-M1TB.pdf;/Users/markolson/Library/Mobile Documents/com~apple~CloudDocs/Zotero/worksheets/mathletics/mathletics-FinancialDepreciation-M1SB.pdf;/Users/markolson/Library/Mobile Documents/com~apple~CloudDocs/Zotero/worksheets/mathletics/mathletics-FinancialDepreciation-M1TB.pdf;/Users/markolson/Library/Mobile Documents/com~apple~CloudDocs/Zotero/worksheets/mathletics/mathletics-FinancialEarning-L1SB.pdf;/Users/markolson/Library/Mobile Documents/com~apple~CloudDocs/Zotero/worksheets/mathletics/mathletics-FinancialEarning-L1TB.pdf;/Users/markolson/Library/Mobile Documents/com~apple~CloudDocs/Zotero/worksheets/mathletics/mathletics-FinancialInvesting-L1SB.pdf;/Users/markolson/Library/Mobile Documents/com~apple~CloudDocs/Zotero/worksheets/mathletics/mathletics-FinancialInvesting-L1TB.pdf;/Users/markolson/Library/Mobile Documents/com~apple~CloudDocs/Zotero/worksheets/mathletics/mathletics-FinancialTaxation-L1SB.pdf;/Users/markolson/Library/Mobile Documents/com~apple~CloudDocs/Zotero/worksheets/mathletics/mathletics-FinancialTaxation-L1TB.pdf;/Users/markolson/Library/Mobile Documents/com~apple~CloudDocs/Zotero/worksheets/mathletics/mathletics-Fractions-H1SB.pdf;/Users/markolson/Library/Mobile Documents/com~apple~CloudDocs/Zotero/worksheets/mathletics/mathletics-Fractions-H1TB.pdf;/Users/markolson/Library/Mobile Documents/com~apple~CloudDocs/Zotero/worksheets/mathletics/mathletics-Fractions-H2SB.pdf;/Users/markolson/Library/Mobile Documents/com~apple~CloudDocs/Zotero/worksheets/mathletics/mathletics-Fractions-H2TB.pdf;/Users/markolson/Library/Mobile Documents/com~apple~CloudDocs/Zotero/worksheets/mathletics/mathletics-FractionsDecimalsPercentages-F1SB.pdf;/Users/markolson/Library/Mobile Documents/com~apple~CloudDocs/Zotero/worksheets/mathletics/mathletics-FractionsDecimalsPercentages-F1TB.pdf;/Users/markolson/Library/Mobile Documents/com~apple~CloudDocs/Zotero/worksheets/mathletics/mathletics-FractionsDecimalsPercentages-G1SB.pdf;/Users/markolson/Library/Mobile Documents/com~apple~CloudDocs/Zotero/worksheets/mathletics/mathletics-FractionsDecimalsPercentages-G1TB.pdf;/Users/markolson/Library/Mobile Documents/com~apple~CloudDocs/Zotero/worksheets/mathletics/mathletics-FunctionOfRealVariable-L1SB.pdf;/Users/markolson/Library/Mobile Documents/com~apple~CloudDocs/Zotero/worksheets/mathletics/mathletics-FunctionOfRealVariable-L1TB.pdf;/Users/markolson/Library/Mobile Documents/com~apple~CloudDocs/Zotero/worksheets/mathletics/mathletics-FunctionsAndLogarithms-K2SB.pdf;/Users/markolson/Library/Mobile Documents/com~apple~CloudDocs/Zotero/worksheets/mathletics/mathletics-FunctionsAndLogarithms-K2TB.pdf;/Users/markolson/Library/Mobile Documents/com~apple~CloudDocs/Zotero/worksheets/mathletics/mathletics-GeometricalApplicationDifferentiation-M2SB.pdf;/Users/markolson/Library/Mobile Documents/com~apple~CloudDocs/Zotero/worksheets/mathletics/mathletics-GeometricalApplicationDifferentiation-M2TB.pdf;/Users/markolson/Library/Mobile Documents/com~apple~CloudDocs/Zotero/worksheets/mathletics/mathletics-Geometry-K2SB.pdf;/Users/markolson/Library/Mobile Documents/com~apple~CloudDocs/Zotero/worksheets/mathletics/mathletics-Geometry-K2TB.pdf;/Users/markolson/Library/Mobile Documents/com~apple~CloudDocs/Zotero/worksheets/mathletics/mathletics-GraphsOfPhysicalPhenomena-K1SB.pdf;/Users/markolson/Library/Mobile Documents/com~apple~CloudDocs/Zotero/worksheets/mathletics/mathletics-GraphsOfPhysicalPhenomena-K1TB.pdf;/Users/markolson/Library/Mobile Documents/com~apple~CloudDocs/Zotero/worksheets/mathletics/mathletics-IndicesSurds-J2SB.pdf;/Users/markolson/Library/Mobile Documents/com~apple~CloudDocs/Zotero/worksheets/mathletics/mathletics-IndicesSurds-J2TB.pdf;/Users/markolson/Library/Mobile Documents/com~apple~CloudDocs/Zotero/worksheets/mathletics/mathletics-Indicies-J1SB.pdf;/Users/markolson/Library/Mobile Documents/com~apple~CloudDocs/Zotero/worksheets/mathletics/mathletics-Indicies-J1TB.pdf;/Users/markolson/Library/Mobile Documents/com~apple~CloudDocs/Zotero/worksheets/mathletics/mathletics-LengthAndPerimeter-G1SB.pdf;/Users/markolson/Library/Mobile Documents/com~apple~CloudDocs/Zotero/worksheets/mathletics/mathletics-LengthAndPerimeter-G1TB.pdf;/Users/markolson/Library/Mobile Documents/com~apple~CloudDocs/Zotero/worksheets/mathletics/mathletics-LengthMassTime-H1SB.pdf;/Users/markolson/Library/Mobile Documents/com~apple~CloudDocs/Zotero/worksheets/mathletics/mathletics-LengthMassTime-H1TB.pdf;/Users/markolson/Library/Mobile Documents/com~apple~CloudDocs/Zotero/worksheets/mathletics/mathletics-LengthMassTime-H2SB.pdf;/Users/markolson/Library/Mobile Documents/com~apple~CloudDocs/Zotero/worksheets/mathletics/mathletics-LengthMassTime-H2TB.pdf;/Users/markolson/Library/Mobile Documents/com~apple~CloudDocs/Zotero/worksheets/mathletics/mathletics-LengthPerimeterArea-F1SB.pdf;/Users/markolson/Library/Mobile Documents/com~apple~CloudDocs/Zotero/worksheets/mathletics/mathletics-LengthPerimeterArea-F1TB.pdf;/Users/markolson/Library/Mobile Documents/com~apple~CloudDocs/Zotero/worksheets/mathletics/mathletics-LinearFunctionsAndLines-L1SB.pdf;/Users/markolson/Library/Mobile Documents/com~apple~CloudDocs/Zotero/worksheets/mathletics/mathletics-LinearFunctionsAndLines-L1TB.pdf;/Users/markolson/Library/Mobile Documents/com~apple~CloudDocs/Zotero/worksheets/mathletics/mathletics-LogarithmsAndExponentialFunctions-M2SB.pdf;/Users/markolson/Library/Mobile Documents/com~apple~CloudDocs/Zotero/worksheets/mathletics/mathletics-LogarithmsAndExponentialFunctions-M2TB.pdf;/Users/markolson/Library/Mobile Documents/com~apple~CloudDocs/Zotero/worksheets/mathletics/mathletics-MeasurementApplicationAreaVolume-L1SB.pdf;/Users/markolson/Library/Mobile Documents/com~apple~CloudDocs/Zotero/worksheets/mathletics/mathletics-MeasurementApplicationAreaVolume-L1TB.pdf;/Users/markolson/Library/Mobile Documents/com~apple~CloudDocs/Zotero/worksheets/mathletics/mathletics-MeasurementApplicationTrignometry-M1SB.pdf;/Users/markolson/Library/Mobile Documents/com~apple~CloudDocs/Zotero/worksheets/mathletics/mathletics-MeasurementApplicationTrignometry-M1TB.pdf;/Users/markolson/Library/Mobile Documents/com~apple~CloudDocs/Zotero/worksheets/mathletics/mathletics-MeasurementRightAngleTriangles-L1SB.pdf;/Users/markolson/Library/Mobile Documents/com~apple~CloudDocs/Zotero/worksheets/mathletics/mathletics-MeasurementRightAngleTriangles-L1TB.pdf;/Users/markolson/Library/Mobile Documents/com~apple~CloudDocs/Zotero/worksheets/mathletics/mathletics-MeasurementSimilarity-L1SB.pdf;/Users/markolson/Library/Mobile Documents/com~apple~CloudDocs/Zotero/worksheets/mathletics/mathletics-MeasurementSimilarity-L1TB.pdf;/Users/markolson/Library/Mobile Documents/com~apple~CloudDocs/Zotero/worksheets/mathletics/mathletics-MeasurementSphericalGeometry-M1SB.pdf;/Users/markolson/Library/Mobile Documents/com~apple~CloudDocs/Zotero/worksheets/mathletics/mathletics-MeasurementSphericalGeometry-M1TB.pdf;/Users/markolson/Library/Mobile Documents/com~apple~CloudDocs/Zotero/worksheets/mathletics/mathletics-MeasurementSurfaceAreaVolume-M1SB.pdf;/Users/markolson/Library/Mobile Documents/com~apple~CloudDocs/Zotero/worksheets/mathletics/mathletics-MeasurementSurfaceAreaVolume-M1TB.pdf.pdf;/Users/markolson/Library/Mobile Documents/com~apple~CloudDocs/Zotero/worksheets/mathletics/mathletics-MeasurementUnitsOfMeasurement-L1SB.pdf;/Users/markolson/Library/Mobile Documents/com~apple~CloudDocs/Zotero/worksheets/mathletics/mathletics-MeasurementUnitsOfMeasurement-L1TB.pdf;/Users/markolson/Library/Mobile Documents/com~apple~CloudDocs/Zotero/worksheets/mathletics/mathletics-MethodsOfIntegration-M2SB.pdf;/Users/markolson/Library/Mobile Documents/com~apple~CloudDocs/Zotero/worksheets/mathletics/mathletics-MethodsOfIntegration-M2TB.pdf;/Users/markolson/Library/Mobile Documents/com~apple~CloudDocs/Zotero/worksheets/mathletics/mathletics-ModelingLinearAndNonLinearRelationships-M1-ANSWERS.pdf;/Users/markolson/Library/Mobile Documents/com~apple~CloudDocs/Zotero/worksheets/mathletics/mathletics-ModelingLinearAndNonLinearRelationships-M1-TOPICTEST.pdf;/Users/markolson/Library/Mobile Documents/com~apple~CloudDocs/Zotero/worksheets/mathletics/mathletics-ModelingLinearAndNonLinearRelationships-M1SB.pdf;/Users/markolson/Library/Mobile Documents/com~apple~CloudDocs/Zotero/worksheets/mathletics/mathletics-ModelingLinearRelationships-L1SB.pdf;/Users/markolson/Library/Mobile Documents/com~apple~CloudDocs/Zotero/worksheets/mathletics/mathletics-ModelingLinearRelationships-L1TB.pdf;/Users/markolson/Library/Mobile Documents/com~apple~CloudDocs/Zotero/worksheets/mathletics/mathletics-MultiplicationAndDivision-F1SB.pdf;/Users/markolson/Library/Mobile Documents/com~apple~CloudDocs/Zotero/worksheets/mathletics/mathletics-MultiplicationAndDivision-F1TB.pdf;/Users/markolson/Library/Mobile Documents/com~apple~CloudDocs/Zotero/worksheets/mathletics/mathletics-MultiplicationAndDivision-G1SB.pdf;/Users/markolson/Library/Mobile Documents/com~apple~CloudDocs/Zotero/worksheets/mathletics/mathletics-MultiplicationAndDivision-G1TB.pdf;/Users/markolson/Library/Mobile Documents/com~apple~CloudDocs/Zotero/worksheets/mathletics/mathletics-NonLinearRelationships-J1SB.pdf;/Users/markolson/Library/Mobile Documents/com~apple~CloudDocs/Zotero/worksheets/mathletics/mathletics-NonLinearRelationships-J1TB.pdf;/Users/markolson/Library/Mobile Documents/com~apple~CloudDocs/Zotero/worksheets/mathletics/mathletics-NormalDistribution-M2SB.pdf;/Users/markolson/Library/Mobile Documents/com~apple~CloudDocs/Zotero/worksheets/mathletics/mathletics-NormalDistribution-M2TB.pdf;/Users/markolson/Library/Mobile Documents/com~apple~CloudDocs/Zotero/worksheets/mathletics/mathletics-NumberPlaneGraphs-K2SB.pdf;/Users/markolson/Library/Mobile Documents/com~apple~CloudDocs/Zotero/worksheets/mathletics/mathletics-NumberPlaneGraphs-K2TB.pdf;/Users/markolson/Library/Mobile Documents/com~apple~CloudDocs/Zotero/worksheets/mathletics/mathletics-Percentages-I1SB.pdf;/Users/markolson/Library/Mobile Documents/com~apple~CloudDocs/Zotero/worksheets/mathletics/mathletics-Percentages-I1TB.pdf;/Users/markolson/Library/Mobile Documents/com~apple~CloudDocs/Zotero/worksheets/mathletics/mathletics-Percentages-I2SB.pdf;/Users/markolson/Library/Mobile Documents/com~apple~CloudDocs/Zotero/worksheets/mathletics/mathletics-Percentages-I2TB.pdf;/Users/markolson/Library/Mobile Documents/com~apple~CloudDocs/Zotero/worksheets/mathletics/mathletics-PercentagesCalculator-H1SB.pdf;/Users/markolson/Library/Mobile Documents/com~apple~CloudDocs/Zotero/worksheets/mathletics/mathletics-PercentagesCalculator-H1TB.pdf;/Users/markolson/Library/Mobile Documents/com~apple~CloudDocs/Zotero/worksheets/mathletics/mathletics-PerimeterArea-J1SB.pdf;/Users/markolson/Library/Mobile Documents/com~apple~CloudDocs/Zotero/worksheets/mathletics/mathletics-PerimeterArea-J1TB.pdf;/Users/markolson/Library/Mobile Documents/com~apple~CloudDocs/Zotero/worksheets/mathletics/mathletics-PlaneGeometry-L1SB.pdf;/Users/markolson/Library/Mobile Documents/com~apple~CloudDocs/Zotero/worksheets/mathletics/mathletics-PlaneGeometry-L1TB.pdf;/Users/markolson/Library/Mobile Documents/com~apple~CloudDocs/Zotero/worksheets/mathletics/mathletics-PolynomialsAndCurve Sketching-K2SB.pdf;/Users/markolson/Library/Mobile Documents/com~apple~CloudDocs/Zotero/worksheets/mathletics/mathletics-PolynomialsAndCurve Sketching-K2TB.pdf;/Users/markolson/Library/Mobile Documents/com~apple~CloudDocs/Zotero/worksheets/mathletics/mathletics-Position-F1SB.pdf;/Users/markolson/Library/Mobile Documents/com~apple~CloudDocs/Zotero/worksheets/mathletics/mathletics-Position-F1TB.pdf;/Users/markolson/Library/Mobile Documents/com~apple~CloudDocs/Zotero/worksheets/mathletics/mathletics-Position-G1SB.pdf;/Users/markolson/Library/Mobile Documents/com~apple~CloudDocs/Zotero/worksheets/mathletics/mathletics-Position-G1TB.pdf;/Users/markolson/Library/Mobile Documents/com~apple~CloudDocs/Zotero/worksheets/mathletics/mathletics-Probability-J1SB.pdf;/Users/markolson/Library/Mobile Documents/com~apple~CloudDocs/Zotero/worksheets/mathletics/mathletics-Probability-J1TB.pdf;/Users/markolson/Library/Mobile Documents/com~apple~CloudDocs/Zotero/worksheets/mathletics/mathletics-Probability-M1SB.pdf;/Users/markolson/Library/Mobile Documents/com~apple~CloudDocs/Zotero/worksheets/mathletics/mathletics-Probability-M1TB.pdf;/Users/markolson/Library/Mobile Documents/com~apple~CloudDocs/Zotero/worksheets/mathletics/mathletics-ProbabilityAndStatistics-J2SB.pdf;/Users/markolson/Library/Mobile Documents/com~apple~CloudDocs/Zotero/worksheets/mathletics/mathletics-ProbabilityAndStatistics-J2TB.pdf;/Users/markolson/Library/Mobile Documents/com~apple~CloudDocs/Zotero/worksheets/mathletics/mathletics-ProbabilityAndStatistics-K2SB.pdf;/Users/markolson/Library/Mobile Documents/com~apple~CloudDocs/Zotero/worksheets/mathletics/mathletics-ProbabilityAndStatistics-K2TB.pdf;/Users/markolson/Library/Mobile Documents/com~apple~CloudDocs/Zotero/worksheets/mathletics/mathletics-ProbabilityApplication-M1SB.pdf;/Users/markolson/Library/Mobile Documents/com~apple~CloudDocs/Zotero/worksheets/mathletics/mathletics-ProbabilityApplication-M1TB.pdf;/Users/markolson/Library/Mobile Documents/com~apple~CloudDocs/Zotero/worksheets/mathletics/mathletics-ProbabilityLanguageOfChance-L1SB.pdf;/Users/markolson/Library/Mobile Documents/com~apple~CloudDocs/Zotero/worksheets/mathletics/mathletics-ProbabilityLanguageOfChance-L1TB.pdf;/Users/markolson/Library/Mobile Documents/com~apple~CloudDocs/Zotero/worksheets/mathletics/mathletics-ProbabilityMultistageEvents-M1SB.pdf;/Users/markolson/Library/Mobile Documents/com~apple~CloudDocs/Zotero/worksheets/mathletics/mathletics-ProbabilityMultistageEvents-M1TB.pdf;/Users/markolson/Library/Mobile Documents/com~apple~CloudDocs/Zotero/worksheets/mathletics/mathletics-ProbabilityRelativeFrequency-L1SB.pdf;/Users/markolson/Library/Mobile Documents/com~apple~CloudDocs/Zotero/worksheets/mathletics/mathletics-ProbabilityRelativeFrequency-L1TB.pdf;/Users/markolson/Library/Mobile Documents/com~apple~CloudDocs/Zotero/worksheets/mathletics/mathletics-PropertiesGeometricFigures-J1SB.pdf;/Users/markolson/Library/Mobile Documents/com~apple~CloudDocs/Zotero/worksheets/mathletics/mathletics-PropertiesGeometricFigures-J1TB.pdf;/Users/markolson/Library/Mobile Documents/com~apple~CloudDocs/Zotero/worksheets/mathletics/mathletics-PythagorasTheorem-I1SB.pdf;/Users/markolson/Library/Mobile Documents/com~apple~CloudDocs/Zotero/worksheets/mathletics/mathletics-PythagorasTheorem-I1TB.pdf;/Users/markolson/Library/Mobile Documents/com~apple~CloudDocs/Zotero/worksheets/mathletics/mathletics-PythagorasTheorem-I2SB.pdf;/Users/markolson/Library/Mobile Documents/com~apple~CloudDocs/Zotero/worksheets/mathletics/mathletics-PythagorasTheorem-I2TB.pdf;/Users/markolson/Library/Mobile Documents/com~apple~CloudDocs/Zotero/worksheets/mathletics/mathletics-QuadraticEquations-K2SB.pdf;/Users/markolson/Library/Mobile Documents/com~apple~CloudDocs/Zotero/worksheets/mathletics/mathletics-QuadraticEquations-K2TB.pdf;/Users/markolson/Library/Mobile Documents/com~apple~CloudDocs/Zotero/worksheets/mathletics/mathletics-QuadraticPolynomialAndParabola-L1SB.pdf;/Users/markolson/Library/Mobile Documents/com~apple~CloudDocs/Zotero/worksheets/mathletics/mathletics-QuadraticPolynomialAndParabola-L1TB.pdf;/Users/markolson/Library/Mobile Documents/com~apple~CloudDocs/Zotero/worksheets/mathletics/mathletics-RationalNumbers-J1SB.pdf;/Users/markolson/Library/Mobile Documents/com~apple~CloudDocs/Zotero/worksheets/mathletics/mathletics-RationalNumbers-J1TB.pdf;/Users/markolson/Library/Mobile Documents/com~apple~CloudDocs/Zotero/worksheets/mathletics/mathletics-RationaNumbers-K1SB.pdf;/Users/markolson/Library/Mobile Documents/com~apple~CloudDocs/Zotero/worksheets/mathletics/mathletics-RationaNumbers-K1TB.pdf;/Users/markolson/Library/Mobile Documents/com~apple~CloudDocs/Zotero/worksheets/mathletics/mathletics-RatioRatesAndNumberPlane-I1SB.pdf;/Users/markolson/Library/Mobile Documents/com~apple~CloudDocs/Zotero/worksheets/mathletics/mathletics-RatioRatesAndNumberPlane-I1TB.pdf;/Users/markolson/Library/Mobile Documents/com~apple~CloudDocs/Zotero/worksheets/mathletics/mathletics-RatioRatesAndNumberPlane-I2SB.pdf;/Users/markolson/Library/Mobile Documents/com~apple~CloudDocs/Zotero/worksheets/mathletics/mathletics-RatioRatesAndNumberPlane-I2TB.pdf;/Users/markolson/Library/Mobile Documents/com~apple~CloudDocs/Zotero/worksheets/mathletics/mathletics-ReasoningInGeometry-I1SB.pdf;/Users/markolson/Library/Mobile Documents/com~apple~CloudDocs/Zotero/worksheets/mathletics/mathletics-ReasoningInGeometry-I1TB.pdf;/Users/markolson/Library/Mobile Documents/com~apple~CloudDocs/Zotero/worksheets/mathletics/mathletics-ReasoningInGeometry-I2TB.pdf;/Users/markolson/Library/Mobile Documents/com~apple~CloudDocs/Zotero/worksheets/mathletics/mathletics-ScientificNotation-J1SB.pdf;/Users/markolson/Library/Mobile Documents/com~apple~CloudDocs/Zotero/worksheets/mathletics/mathletics-ScientificNotation-J1TB.pdf;/Users/markolson/Library/Mobile Documents/com~apple~CloudDocs/Zotero/worksheets/mathletics/mathletics-ShapePlaneSolid-H1TB.pdf;/Users/markolson/Library/Mobile Documents/com~apple~CloudDocs/Zotero/worksheets/mathletics/mathletics-ShapePlaneSolid-H2SB.pdf;/Users/markolson/Library/Mobile Documents/com~apple~CloudDocs/Zotero/worksheets/mathletics/mathletics-ShapePlaneSolid-HTB.pdf;/Users/markolson/Library/Mobile Documents/com~apple~CloudDocs/Zotero/worksheets/mathletics/mathletics-Similarity-K2SB.pdf;/Users/markolson/Library/Mobile Documents/com~apple~CloudDocs/Zotero/worksheets/mathletics/mathletics-Similarity-K2TB.pdf;/Users/markolson/Library/Mobile Documents/com~apple~CloudDocs/Zotero/worksheets/mathletics/mathletics-SimultaneousEquations-K2SB.pdf;/Users/markolson/Library/Mobile Documents/com~apple~CloudDocs/Zotero/worksheets/mathletics/mathletics-SimultaneousEquations-K2TB.pdf;/Users/markolson/Library/Mobile Documents/com~apple~CloudDocs/Zotero/worksheets/mathletics/mathletics-SimultanousEquations-J1SB.pdf;/Users/markolson/Library/Mobile Documents/com~apple~CloudDocs/Zotero/worksheets/mathletics/mathletics-SimultanousEquations-J1TB.pdf;/Users/markolson/Library/Mobile Documents/com~apple~CloudDocs/Zotero/worksheets/mathletics/mathletics-SpaceAndShape-G1SB.pdf;/Users/markolson/Library/Mobile Documents/com~apple~CloudDocs/Zotero/worksheets/mathletics/mathletics-SpaceAndShape-G1TB.pdf;/Users/markolson/Library/Mobile Documents/com~apple~CloudDocs/Zotero/worksheets/mathletics/mathletics-SpaceShape-F1SB.pdf;/Users/markolson/Library/Mobile Documents/com~apple~CloudDocs/Zotero/worksheets/mathletics/mathletics-SpaceShape-F1TB.pdf;/Users/markolson/Library/Mobile Documents/com~apple~CloudDocs/Zotero/worksheets/mathletics/mathletics-SpecialNumbersFactorsMultiples-H1SB.pdf;/Users/markolson/Library/Mobile Documents/com~apple~CloudDocs/Zotero/worksheets/mathletics/mathletics-SpecialNumbersFactorsMultiples-H1TB.pdf;/Users/markolson/Library/Mobile Documents/com~apple~CloudDocs/Zotero/worksheets/mathletics/mathletics-SpecialNumbersFactorsMultiples-H2SB.pdf;/Users/markolson/Library/Mobile Documents/com~apple~CloudDocs/Zotero/worksheets/mathletics/mathletics-SpecialNumbersFactorsMultiples-H2TB.pdf;/Users/markolson/Library/Mobile Documents/com~apple~CloudDocs/Zotero/worksheets/mathletics/mathletics-StatisticsAndProbability-I1SB.pdf;/Users/markolson/Library/Mobile Documents/com~apple~CloudDocs/Zotero/worksheets/mathletics/mathletics-StatisticsAndProbability-I1TB.pdf;/Users/markolson/Library/Mobile Documents/com~apple~CloudDocs/Zotero/worksheets/mathletics/mathletics-StatisticsAndProbability-I2SB.pdf;/Users/markolson/Library/Mobile Documents/com~apple~CloudDocs/Zotero/worksheets/mathletics/mathletics-StatisticsAndProbability-I2TB.pdf;/Users/markolson/Library/Mobile Documents/com~apple~CloudDocs/Zotero/worksheets/mathletics/mathletics-StraignLinesAndCurves-K1SB.pdf;/Users/markolson/Library/Mobile Documents/com~apple~CloudDocs/Zotero/worksheets/mathletics/mathletics-StraignLinesAndCurves-K1TB.pdf;/Users/markolson/Library/Mobile Documents/com~apple~CloudDocs/Zotero/worksheets/mathletics/mathletics-SurfaceAreaAndVolume-K2SB.pdf;/Users/markolson/Library/Mobile Documents/com~apple~CloudDocs/Zotero/worksheets/mathletics/mathletics-SurfaceAreaAndVolume-K2TB.pdf;/Users/markolson/Library/Mobile Documents/com~apple~CloudDocs/Zotero/worksheets/mathletics/mathletics-SurfaceAreaVolume-J1SB.pdf;/Users/markolson/Library/Mobile Documents/com~apple~CloudDocs/Zotero/worksheets/mathletics/mathletics-SurfaceAreaVolume-J1TB.pdf;/Users/markolson/Library/Mobile Documents/com~apple~CloudDocs/Zotero/worksheets/mathletics/mathletics-SurfaceAreaVolume-J2SB.pdf;/Users/markolson/Library/Mobile Documents/com~apple~CloudDocs/Zotero/worksheets/mathletics/mathletics-SurfaceAreaVolume-J2TB.pdf;/Users/markolson/Library/Mobile Documents/com~apple~CloudDocs/Zotero/worksheets/mathletics/mathletics-TangentToCurveAndDerivative-L1TB.pdf;/Users/markolson/Library/Mobile Documents/com~apple~CloudDocs/Zotero/worksheets/mathletics/mathletics-Time-F1SB.pdf;/Users/markolson/Library/Mobile Documents/com~apple~CloudDocs/Zotero/worksheets/mathletics/mathletics-Time-F1TB.pdf;/Users/markolson/Library/Mobile Documents/com~apple~CloudDocs/Zotero/worksheets/mathletics/mathletics-Time-G1SB.pdf;/Users/markolson/Library/Mobile Documents/com~apple~CloudDocs/Zotero/worksheets/mathletics/mathletics-Time-G1TB.pdf;/Users/markolson/Library/Mobile Documents/com~apple~CloudDocs/Zotero/worksheets/mathletics/mathletics-TrignometricRations-L2SB.pdf;/Users/markolson/Library/Mobile Documents/com~apple~CloudDocs/Zotero/worksheets/mathletics/mathletics-TrignometricRations-L2TB.pdf;/Users/markolson/Library/Mobile Documents/com~apple~CloudDocs/Zotero/worksheets/mathletics/mathletics-Trigonometry-J1SB.pdf;/Users/markolson/Library/Mobile Documents/com~apple~CloudDocs/Zotero/worksheets/mathletics/mathletics-Trigonometry-J1TB.pdf;/Users/markolson/Library/Mobile Documents/com~apple~CloudDocs/Zotero/worksheets/mathletics/mathletics-Trigonometry-K1SB.pdf;/Users/markolson/Library/Mobile Documents/com~apple~CloudDocs/Zotero/worksheets/mathletics/mathletics-Trigonometry-K1TB.pdf;/Users/markolson/Library/Mobile Documents/com~apple~CloudDocs/Zotero/worksheets/mathletics/mathletics-Trigonometry-M2SB.pdf;/Users/markolson/Library/Mobile Documents/com~apple~CloudDocs/Zotero/worksheets/mathletics/mathletics-Trigonometry-M2TB.pdf;/Users/markolson/Library/Mobile Documents/com~apple~CloudDocs/Zotero/worksheets/mathletics/mathletics-TrigonometryNonRight-K2SB.pdf;/Users/markolson/Library/Mobile Documents/com~apple~CloudDocs/Zotero/worksheets/mathletics/mathletics-TrigonometryNonRight-K2TB.pdf;/Users/markolson/Library/Mobile Documents/com~apple~CloudDocs/Zotero/worksheets/mathletics/mathletics-TrigonometryRightAngleTriangle-J2SB.pdf;/Users/markolson/Library/Mobile Documents/com~apple~CloudDocs/Zotero/worksheets/mathletics/mathletics-TrigonometryRightAngleTriangle-J2TB.pdf;/Users/markolson/Library/Mobile Documents/com~apple~CloudDocs/Zotero/worksheets/mathletics/mathletics-VolumeCapacityMass-F1SB.pdf;/Users/markolson/Library/Mobile Documents/com~apple~CloudDocs/Zotero/worksheets/mathletics/mathletics-VolumeCapacityMass-F1TB.pdf;/Users/markolson/Library/Mobile Documents/com~apple~CloudDocs/Zotero/worksheets/mathletics/mathletics-VolumeCapcityMass-G1SB.pdf;/Users/markolson/Library/Mobile Documents/com~apple~CloudDocs/Zotero/worksheets/mathletics/mathletics-VolumeCapcityMass-G1TB.pdf;/Users/markolson/Library/Mobile Documents/com~apple~CloudDocs/Zotero/worksheets/mathletics/mathletics-WholeNumbers-F1SB.pdf;/Users/markolson/Library/Mobile Documents/com~apple~CloudDocs/Zotero/worksheets/mathletics/mathletics-WholeNumbers-F1TB.pdf;/Users/markolson/Library/Mobile Documents/com~apple~CloudDocs/Zotero/worksheets/mathletics/mathletics-WholeNumbers-G1SB.pdf;/Users/markolson/Library/Mobile Documents/com~apple~CloudDocs/Zotero/worksheets/mathletics/mathletics-WholeNumbers-G1TB.pdf;/Users/markolson/Library/Mobile Documents/com~apple~CloudDocs/Zotero/worksheets/mathletics/mathletics-WholeNumbers-H1SB.pdf;/Users/markolson/Library/Mobile Documents/com~apple~CloudDocs/Zotero/worksheets/mathletics/mathletics-WholeNumbers-H1TB.pdf;/Users/markolson/Library/Mobile Documents/com~apple~CloudDocs/Zotero/worksheets/mathletics/mathletics-WholeNumbers-H2SB.pdf;/Users/markolson/Library/Mobile Documents/com~apple~CloudDocs/Zotero/worksheets/mathletics/mathletics-WholeNumbers-H2TB.pdf;/Users/markolson/Library/Mobile Documents/com~apple~CloudDocs/Zotero/worksheets/mathletics/mathleticsSeriesAndApplication-M1SB.pdf;/Users/markolson/Library/Mobile Documents/com~apple~CloudDocs/Zotero/worksheets/mathletics/mathleticsSeriesAndApplication-M1TB.pdf}
}

@video{MathMotivation,
  title = {Math {{Motivation}}},
  url = {https://www.youtube.com/watch?v=IOY6xMq9j6c},
  urldate = {2022-01-02},
  abstract = {Neil Degrasse Tyson, Bill Nye, Bill Gates, and John Urschel give inspiring and motivational comments about mathematics.},
  langid = {british}
}

@article{mertalaHighlyCitedEducational2022,
  title = {Highly Cited Educational Technology Journal Articles: A Descriptive and Critical Analysis},
  shorttitle = {Highly Cited Educational Technology Journal Articles},
  author = {Mertala, Pekka and Moens, Eleni and Teräs, Marko},
  date = {2022-10-31},
  journaltitle = {Learning, Media and Technology},
  shortjournal = {Learning, Media and Technology},
  pages = {1--14},
  issn = {1743-9884, 1743-9892},
  doi = {10.1080/17439884.2022.2141253},
  url = {https://www.tandfonline.com/doi/full/10.1080/17439884.2022.2141253},
  urldate = {2022-11-26},
  langid = {english},
  file = {/Users/markolson/Dropbox/mho_zotero/storage/mertala_et_al-highly_cited_educational_technology_journal_articles.pdf}
}

@inreference{Multipel2014,
  title = {Multipel},
  booktitle = {Wikipedia},
  date = {2014-11-14T09:14:51Z},
  url = {https://sv.wikipedia.org/w/index.php?title=Multipel&oldid=28681368},
  urldate = {2022-01-22},
  abstract = {En multipel är ett tal som kan divideras med ett annat tal ett antal gånger utan rest. Exempelvis 15, 20 eller annan multipel av 5, samt 6, 9 eller annan multipel av 3.},
  langid = {swedish},
  annotation = {Page Version ID: 28681368}
}

@misc{petruninEuclideanPlaneIts2022,
  title = {Euclidean Plane and Its Relatives; a Minimalist Introduction},
  author = {Petrunin, Anton},
  date = {2022-05-10},
  number = {arXiv:1302.1630},
  eprint = {1302.1630},
  eprinttype = {arxiv},
  primaryclass = {math},
  publisher = {{arXiv}},
  url = {http://arxiv.org/abs/1302.1630},
  urldate = {2022-08-06},
  abstract = {The book is designed for a semester-long course in Foundations of Geometry and meant to be rigorous, conservative, elementary and minimalist. List of topics: Euclidean geometry: The Axioms / Half-planes / Congruent triangles / Perpendicular lines / Similar triangles / Parallel lines / Triangle geometry. Inversive geometry: Inscribed angles / Inversion. Non-Euclidean geometry: Neutral plane / Hyperbolic plane / Geometry of h-plane. Additional topics: Affine geometry / Projective geometry / Spherical geometry / Projective model / Complex coordinates / Geometric constructions / Area.},
  archiveprefix = {arXiv},
  langid = {english},
  keywords = {51-01; 51M10; 51M05,Mathematics - History and Overview,Mathematics - Metric Geometry},
  file = {/Users/markolson/Dropbox/mho_zotero/storage/petrunin-euclidean_plane_and_its_relatives\;_a_minimalist_introduction-2022.pdf}
}

@misc{ProofsRingIdentities,
  title = {Proofs of {{Ring Identities}}},
  file = {/Users/markolson/Dropbox/mho_zotero/storage/proofs_of_ring_identities-.pdf}
}

@book{rainvilleElementaryDifferentialEquations1997,
  title = {Elementary Differential Equations},
  author = {Rainville, Earl David and Bedient, Phillip Edward and Bedient, Richard E.},
  date = {1997},
  edition = {8th ed},
  publisher = {{Prentice Hall}},
  location = {{Upper Saddle River, NJ}},
  isbn = {978-0-13-508011-5},
  pagetotal = {530},
  keywords = {DifferentialEquations}
}

@book{raynerCompleteMathematicsCambridge2018,
  title = {Complete Mathematics for {{Cambridge IGCSE}}: {{Extended}}},
  shorttitle = {Complete Mathematics for {{Cambridge IGCSE}}},
  author = {Rayner, David},
  date = {2018},
  series = {Aspire Succeed Progress},
  edition = {Fifth edition},
  publisher = {{Oxford University Press}},
  location = {{Oxford}},
  isbn = {978-0-19-842507-6},
  pagetotal = {493},
  keywords = {International General Certificate of Secondary Education,Mathematics,Problems; exercises; etc,Study guides}
}

@misc{RegularExpressionsCheatSheet,
  title = {Regular {{Expressions CheatSheet}}},
  url = {https://www.datacamp.com/cheat-sheet/regular-expresso},
  file = {/Volumes/mholson/mho_zotero/storage/regular_expressions_cheatsheet.pdf}
}

@misc{rickeyHistoricalNotesCalculus2008,
  title = {Historical {{Notes}} for the {{Calculus Classroom}}},
  author = {Rickey, Frederick V.},
  date = {2008-06},
  publisher = {{Institute in History of Matematics and Its use in Teaching The American University}},
  file = {/Users/markolson/Dropbox/mho_zotero/storage/rickey-historical_notes_for_the_calculus_classroom.pdf}
}

@book{rondieMathematicsAnalysisApproaches2019,
  title = {Mathematics: Analysis and Approaches. {{Higher}} Level},
  shorttitle = {Mathematics},
  author = {Rondie, Paul La},
  date = {2019},
  series = {Oxford {{IB}} Diploma Programme},
  publisher = {{Oxford University Press}},
  location = {{Oxford}},
  isbn = {978-0-19-842717-9},
  pagetotal = {843},
  keywords = {mathematics},
  annotation = {OCLC: on1099411619}
}

@article{rosenthalHistoryCalculus1951,
  title = {The {{History}} of {{Calculus}}},
  author = {Rosenthal, Arthur},
  date = {1951-02},
  journaltitle = {The American Mathematical Monthly},
  shortjournal = {The American Mathematical Monthly},
  volume = {58},
  number = {2},
  pages = {75--86},
  issn = {0002-9890, 1930-0972},
  doi = {10.1080/00029890.1951.11999628},
  url = {https://www.tandfonline.com/doi/full/10.1080/00029890.1951.11999628},
  urldate = {2022-08-05},
  langid = {english},
  file = {/Users/markolson/Dropbox/mho_zotero/storage/rosenthal-the_history_of_calculus-1951.pdf}
}

@book{rossFirstCourseProbability2010,
  title = {A First Course in Probability},
  author = {Ross, Sheldon M.},
  date = {2010},
  edition = {8th ed},
  publisher = {{Pearson Prentice Hall}},
  location = {{Upper Saddle River, N.J}},
  isbn = {978-0-13-603313-4},
  pagetotal = {530},
  keywords = {Probabilities,Textbooks},
  annotation = {OCLC: ocn237199460},
  file = {/Users/markolson/Dropbox/mho_zotero/storage/ross-a_first_course_in_probability-2010.pdf}
}

@book{rougierScientificVisualizationPython2021,
  title = {Scientific Visualization: Python \& Matplotlib},
  shorttitle = {Scientific Visualization},
  author = {Rougier, Nicolas},
  date = {2021},
  isbn = {978-2-9579901-0-8},
  langid = {english},
  annotation = {OCLC: 1305503214},
  file = {/Users/markolson/Dropbox/mho_zotero/storage/rougier-scientific_visualization-2021.pdf}
}

@unpublished{schwarzBinaryRelations2013,
  title = {Binary {{Relations}}},
  author = {Schwarz, Keith},
  date = {2013-10-10},
  file = {/Users/markolson/Dropbox/mho_zotero/storage/schwarz-binary_relations-2013.pdf}
}

@book{siemensKnowingKnowledge2006,
  title = {Knowing Knowledge},
  author = {Siemens, George},
  date = {2006},
  publisher = {{G. Siemens}},
  location = {{Winnipeg, Manitoba}},
  isbn = {978-1-4303-0230-8},
  langid = {english},
  pagetotal = {163},
  file = {/Users/markolson/Dropbox/mho_zotero/storage/siemens-knowing_knowledge-2006.pdf}
}

@video{SimplestMathProblem,
  title = {The {{Simplest Math Problem No One Can Solve}} - {{Collatz Conjecture}}},
  url = {https://www.youtube.com/watch?v=094y1Z2wpJg},
  urldate = {2022-01-02},
  abstract = {The Collatz Conjecture is the simplest math problem no one can solve — it is easy enough for almost anyone to understand but notoriously difficult to solve. ...},
  langid = {british}
}

@online{SimplificationSymPyDocumentation,
  title = {Simplification — {{SymPy}} 1.8 Documentation},
  url = {https://docs.sympy.org/latest/tutorial/simplification.html#powers},
  urldate = {2021-09-11},
  keywords = {python}
}

@video{StanfordLectureTeX1981,
  title = {Stanford {{Lecture}}: {{TeX For Beginners}} - {{Session}} 2 ({{February}} 24, 1981)},
  shorttitle = {Stanford {{Lecture}}},
  date = {1981},
  url = {https://www.youtube.com/watch?v=YRnpzxtdntw},
  urldate = {2021-07-09},
  abstract = {February 24, 1981Professor Knuth is the Professor Emeritus at Stanford University. Dr. Knuth's classic programming texts include his seminal work The Art of ...},
  langid = {british},
  keywords = {TeX,YouTube}
}

@video{StanfordLectureTeX1981a,
  title = {Stanford {{Lecture}}: {{TeX For Beginners}} - {{Session}} 1 ({{February}} 23, 1981)},
  shorttitle = {Stanford {{Lecture}}},
  date = {1981},
  url = {https://www.youtube.com/watch?v=jbrMBOF61e0},
  urldate = {2021-07-08},
  abstract = {February 23, 1981Professor Knuth is the Professor Emeritus at Stanford University. Dr. Knuth's classic programming texts include his seminal work The Art of ...},
  langid = {british},
  keywords = {TeX,YouTube}
}

@book{steinElementaryNumberTheory2009,
  title = {Elementary {{Number Theory}}: {{Primes}}, {{Congruences}}, and {{Secrets}}},
  shorttitle = {Elementary {{Number Theory}}},
  author = {Stein, William},
  date = {2009},
  series = {Undergraduate {{Texts}} in {{Mathematics}}},
  publisher = {{Springer New York}},
  location = {{New York, NY}},
  doi = {10.1007/b13279},
  url = {http://link.springer.com/10.1007/b13279},
  urldate = {2022-08-06},
  isbn = {978-0-387-85524-0 978-0-387-85525-7},
  langid = {english},
  file = {/Users/markolson/Dropbox/mho_zotero/storage/stein-elementary_number_theory-2009.pdf}
}

@book{stewartCalculus2003,
  title = {Calculus},
  author = {Stewart, James},
  date = {2003},
  edition = {5th ed},
  publisher = {{Thomson Brooks/Cole}},
  location = {{Belmont, CA}},
  isbn = {978-0-534-39339-7},
  pagetotal = {1204},
  keywords = {Calculus},
  file = {/Users/markolson/Dropbox/mho_zotero/storage/stewart-calculus-2003.pdf}
}

@book{stewartCalculusEarlyTranscendentals2008,
  title = {Calculus: Early Transcendentals},
  shorttitle = {Calculus},
  author = {Stewart, James},
  date = {2008},
  edition = {6th ed},
  publisher = {{Thomson Brooks/Cole}},
  location = {{Belmont, CA}},
  isbn = {978-0-495-01166-8},
  langid = {english},
  pagetotal = {1},
  keywords = {Calculus,Textbooks,Transcendental functions},
  file = {/Users/markolson/Dropbox/mho_zotero/storage/stewart-calculus-2008.pdf;/Users/markolson/Dropbox/mho_zotero/storage/stewart-calculus-22.pdf;/Users/markolson/Dropbox/mho_zotero/storage/stewart-calculus-3.pdf;/Users/markolson/Dropbox/mho_zotero/storage/stewart-calculus-4.pdf;/Users/markolson/Dropbox/mho_zotero/storage/stewart-calculus-5.pdf;/Users/markolson/Dropbox/mho_zotero/storage/stewart-calculus-6.pdf;/Users/markolson/Dropbox/mho_zotero/storage/stewart-calculus-7.pdf;/Users/markolson/Dropbox/mho_zotero/storage/stewart-calculus-8.pdf;/Users/markolson/Dropbox/mho_zotero/storage/stewart-calculus-9.pdf}
}

@book{stewartCalculusEarlyTranscendentals2012,
  title = {Calculus: Early Transcendentals},
  shorttitle = {Calculus},
  author = {Stewart, James},
  date = {2012},
  edition = {7th ed},
  publisher = {{Brooks/Cole, Cengage Learning}},
  location = {{Belmont, CA}},
  isbn = {978-0-538-49790-9 978-0-8400-5885-0},
  pagetotal = {1},
  keywords = {Calculus,Textbooks},
  file = {/Volumes/mholson/mho_zotero/storage/stewart-calculus.pdf}
}

@misc{stewartStewartCalculusConcept,
  title = {Stewart {{Calculus Concept Check}}},
  author = {Stewart, James},
  file = {/Volumes/mholson/mho_zotero/storage/stewart-stewart_calculus_concept_check.pdf}
}

@video{StruggleSuccessMaryam,
  title = {Struggle to {{Success}} - {{Maryam Mirzakhani}}},
  url = {https://www.youtube.com/watch?v=58dEudf3zIo},
  urldate = {2022-01-02},
  abstract = {Success comes easily to the smart and talented. Or does it?Our second video in the series! In this video series, Struggle to Success, we take a look at a suc...},
  langid = {british}
}

@book{sweigartAutomateBoringStuff2020,
  title = {Automate the Boring Stuff with {{Python}}: Practical Programming for Total Beginners},
  shorttitle = {Automate the Boring Stuff with {{Python}}},
  author = {Sweigart, Al},
  date = {2020},
  edition = {2nd edition},
  publisher = {{No Starch Press}},
  location = {{San Francisco}},
  url = {https://automatetheboringstuff.com/#toc},
  abstract = {If you've ever spent hours renaming files or updating hundreds of spreadsheet cells, you know how tedious tasks like these can be. But what if you could have your computer do them for you. In this fully revised second edition of the best-selling classic Automate the Boring Stuff with Python, you'll learn how to use Python to write programs that do in minutes what would take you hours to do by hand--no prior programming experience required. You'll learn the basics Python and explore Python's rich library of modules for performing specific tasks, like scraping data off websites, reading PDF and Word documents, and automating clicking and typing tasks. Step-by-step instructions walk you through each program, and updated practice projects at the end of each chapter challenge you to improve those programs and use your newfound skills to automate similar tasks},
  isbn = {978-1-59327-992-9},
  pagetotal = {547},
  keywords = {Computer programming,Python (Computer program language),Software},
  annotation = {OCLC: on1128094127}
}

@article{tedreTeachingMachineLearning2021,
  title = {Teaching {{Machine Learning}} in {{K}}–12 {{Classroom}}: {{Pedagogical}} and {{Technological Trajectories}} for {{Artificial Intelligence Education}}},
  shorttitle = {Teaching {{Machine Learning}} in {{K}}–12 {{Classroom}}},
  author = {Tedre, Matti and Toivonen, Tapani and Kahila, Juho and Vartiainen, Henriikka and Valtonen, Teemu and Jormanainen, Ilkka and Pears, Arnold},
  date = {2021},
  journaltitle = {IEEE Access},
  volume = {9},
  pages = {110558--110572},
  issn = {2169-3536},
  doi = {10.1109/ACCESS.2021.3097962},
  abstract = {Over the past decades, numerous practical applications of machine learning techniques have shown the potential of AI-driven and data-driven approaches in a large number of computing fields. Machine learning is increasingly included in computing curricula in higher education, and a quickly growing number of initiatives are expanding it in K–12 computing education, too. As machine learning enters K–12 computing education, understanding how intuition and agency in the context of such systems is developed becomes a key research area. But as schools and teachers are already struggling with integrating traditional computational thinking and traditional artificial intelligence into school curricula, understanding the challenges behind teaching machine learning in K–12 is an even more daunting challenge for computing education research. Despite the central position of machine learning and AI in the field of modern computing, the computing education research body of literature contains remarkably few studies of how people learn to train, test, improve, and deploy machine learning systems. This is especially true of the K–12 curriculum space. This article charts the emerging trajectories in educational practice, theory, and technology related to teaching machine learning in K–12 education. The article situates the existing work in the context of computing education in general, and describes some differences that K–12 computing educators should take into account when facing this challenge. The article focuses on key aspects of the paradigm shift that will be required in order to successfully integrate machine learning into the broader K–12 computing curricula. A crucial step is abandoning the belief that rule-based “traditional” programming is a central aspect and building block in developing next generation computational thinking.},
  keywords = {artificial intelligence,Automation,computational thinking,computing education,Education,K-12,Machine learning,pedagogy,Programming profession,school,Task analysis,Technological innovation,Terminology},
  file = {/Users/markolson/Dropbox/mho_zotero/storage/tedre_et_al-teaching_machine_learning_in_k–12_classroom.pdf}
}

@online{TeX,
  title = {{{TeX}}},
  url = {https://en.wikipedia.org/wiki/TeX},
  urldate = {2021-07-07},
  organization = {{TeX}},
  keywords = {TeX,wikipedia}
}

@misc{TextmateLaTeXBundle,
  title = {Textmate {{LaTeX Bundle Documentation}}},
  file = {/Users/markolson/Dropbox/mho_zotero/storage/textmate_latex_bundle_documentation.pdf}
}

@article{trzeciakWritingMathematicalPapers,
  title = {Writing {{Mathematical Papers}} —a {{Few Tips}}},
  author = {Trzeciak, Jerzy},
  pages = {11},
  langid = {english},
  file = {/Users/markolson/Dropbox/mho_zotero/storage/trzeciak-writing_mathematical_papers_—a_few_tips-.pdf}
}

@book{trzeciakWritingMathematicalPapers2005,
  title = {Writing {{Mathematical Papers}} in {{English}}: A Practical Guide},
  shorttitle = {Writing {{Mathematical Papers}} in {{English}}},
  author = {Trzeciak, Jerzy},
  date = {2005-08-30},
  edition = {2},
  publisher = {{EMS Press}},
  doi = {10.4171/014},
  url = {https://ems.press/doi/10.4171/014},
  urldate = {2022-08-05},
  isbn = {978-3-03719-014-2 978-3-03719-514-7},
  langid = {english},
  file = {/Users/markolson/Dropbox/mho_zotero/storage/trzeciak-writing_mathematical_papers_in_english-2005.pdf}
}

@video{UNCRACKABLECollatzConjecture,
  title = {{{UNCRACKABLE}}? {{The Collatz Conjecture}} - {{Numberphile}}},
  shorttitle = {{{UNCRACKABLE}}?},
  url = {https://www.youtube.com/watch?v=5mFpVDpKX70},
  urldate = {2022-01-02},
  abstract = {Catch David on the Numberphile podcast: https://youtu.be/9y1BGvnTyQAProfessor David Eisenbud on the infamous Collatz Conjecture, a simple problem that mathem...},
  langid = {british},
  keywords = {YouTube-numberphile}
}

@online{weissteinDifferential,
  type = {Text},
  title = {Differential},
  author = {Weisstein, Eric W.},
  url = {https://mathworld.wolfram.com/Differential.html},
  urldate = {2021-07-06},
  abstract = {The word differential has several related meaning in mathematics. In the most common context, it means "related to derivatives." So, for example, the portion of calculus dealing with taking derivatives (i.e., differentiation), is known as differential calculus. The word "differential" also has a more technical meaning in the theory of differential k-forms as a so-called one-form.},
  langid = {english},
  keywords = {TeX}
}

@misc{welchImaginaryNumbersAre2016,
  title = {Imaginary {{Numbers Are Real}}},
  author = {Welch, Stephen},
  date = {2016},
  abstract = {Thanks for checking out the Welch Labs Imaginary Numbers Are Real Workbook. Here you'll find everything you need to get the most out of my Imaginary Numbers are Real YouTube series. For each video in the series, you'll find a workbook section complete with the text and key figures from the video, more in-depth features covering interesting areas, and most importantly, exercises.},
  file = {/Users/markolson/Dropbox/mho_zotero/storage/welch-imaginary_numbers_are_real-2016.pdf}
}

@article{wellsHandbookMathematicalDiscourse,
  title = {A {{Handbook}} of {{Mathematical Discourse}}},
  author = {Wells, Charles},
  pages = {741},
  langid = {english},
  file = {/Users/markolson/Dropbox/mho_zotero/storage/wells-a_handbook_of_mathematical_discourse-.pdf}
}

@article{yanBenfordLawFirst2018,
  title = {Benford’s {{Law}} and {{First Letter}} of {{Words}}},
  author = {Yan, Xiaoyong Yan and Yang, Seong-Gyu and Kim, Beom Jun and Minnhagen, Petter},
  date = {2018-12-15},
  journaltitle = {Physica A: Statistical Mechanics and its Applications},
  volume = {512},
  pages = {305--315},
  abstract = {A universal First-Letter Law (FLL) is derived and described. It predicts the percentages of first letters for words in novels. The FLL is akin to Benford’s law (BL) of first digits, which predicts the percentages of first digits in a data collection of numbers. Both are universal in the sense that FLL only depends on the numbers of letters in the alphabet, whereas BL only depends on the number of digits in the base of the number system. The existence of these types of universal laws appears counter-intuitive. Nonetheless both describe data very well. Relations to some earlier works are given. FLL predicts that an English author on the average starts about 16 out of 100 words with the English letter ‘t’. This is corroborated by data, yet an author can freely write anything. Fuller implications and the applicability of FLL remain for the future.},
  file = {/Users/markolson/Dropbox/mho_zotero/storage/yan_et_al-benford’s_law_and_first_letter_of_words.pdf}
}

@video{youTubeCollatzConjectureColor,
  title = {Collatz {{Conjecture}} in {{Color}} - {{Numberphile}}},
  url = {https://www.youtube.com/watch?v=LqKpkdRRLZw},
  urldate = {2022-01-02},
  abstract = {The Great Courses Plus (free trial): http://ow.ly/RqOr309wT7vThis video features Alex Bellos. More info and links in full description.Extra footage with Alex...},
  langid = {british},
  keywords = {YouTube-numberphile}
}
